{"e": "aggTrade", "E": 1712477491454, "a": 2118458215, "s": "BTCUSDT", "p": "69440.00", "q": "0.054", "f": 4844970544, "l": 4844970544, "T": 1712477491300, "m": true}

{"e": "aggTrade", "E": 1712477492395, "a": 2118458216, "s": "BTCUSDT", "p": "69440.00", "q": "0.139", "f": 4844970545, "l": 4844970550, "T": 1712477492391, "m": true}

{"e": "aggTrade", "E": 1712477492395, "a": 2118458217, "s": "BTCUSDT", "p": "69439.00", "q": "0.006", "f": 4844970551, "l": 4844970551, "T": 1712477492393, "m": true}

{"e": "aggTrade", "E": 1712477492395, "a": 2118458218, "s": "BTCUSDT", "p": "69438.60", "q": "0.002", "f": 4844970552, "l": 4844970552, "T": 1712477492393, "m": true}

{"e": "aggTrade", "E": 1712477492395, "a": 2118458219, "s": "BTCUSDT", "p": "69438.00", "q": "0.002", "f": 4844970553, "l": 4844970553, "T": 1712477492393, "m": true}

{"e": "aggTrade", "E": 1712477492395, "a": 2118458220, "s": "BTCUSDT", "p": "69436.50", "q": "0.012", "f": 4844970554, "l": 4844970556, "T": 1712477492393, "m": true}

{"e": "aggTrade", "E": 1712477492404, "a": 2118458221, "s": "BTCUSDT", "p": "69436.00", "q": "0.002", "f": 4844970557, "l": 4844970557, "T": 1712477492393, "m": true}

{"e": "aggTrade", "E": 1712477492446, "a": 2118458222, "s": "BTCUSDT", "p": "69435.60", "q": "0.031", "f": 4844970558, "l": 4844970560, "T": 1712477492400, "m": true}

{"e": "aggTrade", "E": 1712477492446, "a": 2118458223, "s": "BTCUSDT", "p": "69435.30", "q": "0.010", "f": 4844970561, "l": 4844970562, "T": 1712477492443, "m": true}

{"e": "aggTrade", "E": 1712477492446, "a": 2118458224, "s": "BTCUSDT", "p": "69434.40", "q": "0.002", "f": 4844970563, "l": 4844970563, "T": 1712477492443, "m": true}

{"e": "aggTrade", "E": 1712477492537, "a": 2118458225, "s": "BTCUSDT", "p": "69434.00", "q": "0.002", "f": 4844970564, "l": 4844970564, "T": 1712477492443, "m": true}

{"e": "aggTrade", "E": 1712477492688, "a": 2118458226, "s": "BTCUSDT", "p": "69433.50", "q": "0.141", "f": 4844970565, "l": 4844970565, "T": 1712477492534, "m": false}

{"e": "aggTrade", "E": 1712477492868, "a": 2118458227, "s": "BTCUSDT", "p": "69433.50", "q": "0.322", "f": 4844970566, "l": 4844970568, "T": 1712477492714, "m": false}

{"e": "aggTrade", "E": 1712477494157, "a": 2118458228, "s": "BTCUSDT", "p": "69433.50", "q": "0.615", "f": 4844970569, "l": 4844970606, "T": 1712477494020, "m": false}

{"e": "aggTrade", "E": 1712477494308, "a": 2118458229, "s": "BTCUSDT", "p": "69433.50", "q": "0.105", "f": 4844970607, "l": 4844970612, "T": 1712477494154, "m": false}

{"e": "aggTrade", "E": 1712477494716, "a": 2118458230, "s": "BTCUSDT", "p": "69433.50", "q": "0.028", "f": 4844970613, "l": 4844970613, "T": 1712477494562, "m": false}

{"e": "aggTrade", "E": 1712477494790, "a": 2118458231, "s": "BTCUSDT", "p": "69433.40", "q": "0.008", "f": 4844970614, "l": 4844970614, "T": 1712477494773, "m": true}

{"e": "aggTrade", "E": 1712477494849, "a": 2118458232, "s": "BTCUSDT", "p": "69433.50", "q": "0.017", "f": 4844970615, "l": 4844970615, "T": 1712477494787, "m": false}

{"e": "aggTrade", "E": 1712477495000, "a": 2118458233, "s": "BTCUSDT", "p": "69433.40", "q": "0.050", "f": 4844970616, "l": 4844970628, "T": 1712477494847, "m": true}

{"e": "aggTrade", "E": 1712477495253, "a": 2118458234, "s": "BTCUSDT", "p": "69433.40", "q": "0.002", "f": 4844970629, "l": 4844970629, "T": 1712477495220, "m": true}

{"e": "aggTrade", "E": 1712477495404, "a": 2118458235, "s": "BTCUSDT", "p": "69433.50", "q": "0.087", "f": 4844970630, "l": 4844970631, "T": 1712477495250, "m": false}

{"e": "aggTrade", "E": 1712477495613, "a": 2118458236, "s": "BTCUSDT", "p": "69433.40", "q": "0.052", "f": 4844970632, "l": 4844970645, "T": 1712477495490, "m": true}

{"e": "aggTrade", "E": 1712477495764, "a": 2118458237, "s": "BTCUSDT", "p": "69433.50", "q": "0.094", "f": 4844970646, "l": 4844970648, "T": 1712477495609, "m": false}

{"e": "aggTrade", "E": 1712477495972, "a": 2118458238, "s": "BTCUSDT", "p": "69433.50", "q": "0.052", "f": 4844970649, "l": 4844970650, "T": 1712477495819, "m": false}

{"e": "aggTrade", "E": 1712477496416, "a": 2118458239, "s": "BTCUSDT", "p": "69433.40", "q": "0.500", "f": 4844970651, "l": 4844970667, "T": 1712477496262, "m": true}

{"e": "aggTrade", "E": 1712477496674, "a": 2118458240, "s": "BTCUSDT", "p": "69433.40", "q": "0.535", "f": 4844970668, "l": 4844970702, "T": 1712477496669, "m": true}

{"e": "aggTrade", "E": 1712477496680, "a": 2118458241, "s": "BTCUSDT", "p": "69433.30", "q": "0.220", "f": 4844970703, "l": 4844970735, "T": 1712477496669, "m": true}

{"e": "aggTrade", "E": 1712477496680, "a": 2118458242, "s": "BTCUSDT", "p": "69432.40", "q": "0.011", "f": 4844970736, "l": 4844970738, "T": 1712477496677, "m": true}

{"e": "aggTrade", "E": 1712477496680, "a": 2118458243, "s": "BTCUSDT", "p": "69432.10", "q": "0.002", "f": 4844970739, "l": 4844970739, "T": 1712477496677, "m": true}

{"e": "aggTrade", "E": 1712477496832, "a": 2118458244, "s": "BTCUSDT", "p": "69432.00", "q": "0.013", "f": 4844970740, "l": 4844970741, "T": 1712477496677, "m": true}

{"e": "aggTrade", "E": 1712477497604, "a": 2118458245, "s": "BTCUSDT", "p": "69431.70", "q": "0.006", "f": 4844970742, "l": 4844970742, "T": 1712477497571, "m": false}

{"e": "aggTrade", "E": 1712477497755, "a": 2118458246, "s": "BTCUSDT", "p": "69431.60", "q": "0.054", "f": 4844970743, "l": 4844970754, "T": 1712477497601, "m": true}

{"e": "aggTrade", "E": 1712477498100, "a": 2118458247, "s": "BTCUSDT", "p": "69431.70", "q": "0.021", "f": 4844970755, "l": 4844970755, "T": 1712477498045, "m": false}

{"e": "aggTrade", "E": 1712477498108, "a": 2118458248, "s": "BTCUSDT", "p": "69431.60", "q": "0.002", "f": 4844970756, "l": 4844970756, "T": 1712477498097, "m": true}

{"e": "aggTrade", "E": 1712477498259, "a": 2118458249, "s": "BTCUSDT", "p": "69431.70", "q": "0.745", "f": 4844970757, "l": 4844970757, "T": 1712477498104, "m": false}

{"e": "aggTrade", "E": 1712477498531, "a": 2118458250, "s": "BTCUSDT", "p": "69431.60", "q": "0.002", "f": 4844970758, "l": 4844970758, "T": 1712477498400, "m": true}

{"e": "aggTrade", "E": 1712477498682, "a": 2118458251, "s": "BTCUSDT", "p": "69431.60", "q": "0.030", "f": 4844970759, "l": 4844970760, "T": 1712477498528, "m": true}

{"e": "aggTrade", "E": 1712477499143, "a": 2118458252, "s": "BTCUSDT", "p": "69431.70", "q": "0.056", "f": 4844970761, "l": 4844970761, "T": 1712477499076, "m": false}

{"e": "aggTrade", "E": 1712477499160, "a": 2118458253, "s": "BTCUSDT", "p": "69431.60", "q": "0.002", "f": 4844970762, "l": 4844970762, "T": 1712477499140, "m": true}

{"e": "aggTrade", "E": 1712477499311, "a": 2118458254, "s": "BTCUSDT", "p": "69431.70", "q": "0.018", "f": 4844970763, "l": 4844970764, "T": 1712477499157, "m": false}

{"e": "aggTrade", "E": 1712477499633, "a": 2118458255, "s": "BTCUSDT", "p": "69431.70", "q": "0.003", "f": 4844970765, "l": 4844970765, "T": 1712477499479, "m": false}

{"e": "aggTrade", "E": 1712477499806, "a": 2118458256, "s": "BTCUSDT", "p": "69431.70", "q": "0.092", "f": 4844970766, "l": 4844970769, "T": 1712477499683, "m": false}

{"e": "aggTrade", "E": 1712477499957, "a": 2118458257, "s": "BTCUSDT", "p": "69431.70", "q": "0.011", "f": 4844970770, "l": 4844970770, "T": 1712477499802, "m": false}

{"e": "aggTrade", "E": 1712477500130, "a": 2118458258, "s": "BTCUSDT", "p": "69431.60", "q": "0.002", "f": 4844970771, "l": 4844970771, "T": 1712477499976, "m": true}

{"e": "aggTrade", "E": 1712477500703, "a": 2118458259, "s": "BTCUSDT", "p": "69431.70", "q": "0.003", "f": 4844970772, "l": 4844970772, "T": 1712477500550, "m": false}

{"e": "aggTrade", "E": 1712477501100, "a": 2118458260, "s": "BTCUSDT", "p": "69431.70", "q": "0.082", "f": 4844970773, "l": 4844970781, "T": 1712477500978, "m": false}

{"e": "aggTrade", "E": 1712477501251, "a": 2118458261, "s": "BTCUSDT", "p": "69431.70", "q": "0.099", "f": 4844970782, "l": 4844970784, "T": 1712477501098, "m": false}

{"e": "aggTrade", "E": 1712477501427, "a": 2118458262, "s": "BTCUSDT", "p": "69431.60", "q": "0.077", "f": 4844970785, "l": 4844970789, "T": 1712477501273, "m": true}

{"e": "aggTrade", "E": 1712477501611, "a": 2118458263, "s": "BTCUSDT", "p": "69431.60", "q": "0.002", "f": 4844970790, "l": 4844970790, "T": 1712477501590, "m": true}

{"e": "aggTrade", "E": 1712477501762, "a": 2118458264, "s": "BTCUSDT", "p": "69431.70", "q": "0.080", "f": 4844970791, "l": 4844970791, "T": 1712477501608, "m": false}

{"e": "aggTrade", "E": 1712477502297, "a": 2118458265, "s": "BTCUSDT", "p": "69431.60", "q": "0.002", "f": 4844970792, "l": 4844970792, "T": 1712477502204, "m": true}

{"e": "aggTrade", "E": 1712477502377, "a": 2118458266, "s": "BTCUSDT", "p": "69431.70", "q": "0.030", "f": 4844970793, "l": 4844970793, "T": 1712477502294, "m": false}

{"e": "aggTrade", "E": 1712477502482, "a": 2118458267, "s": "BTCUSDT", "p": "69431.60", "q": "0.009", "f": 4844970794, "l": 4844970795, "T": 1712477502375, "m": true}

{"e": "aggTrade", "E": 1712477502631, "a": 2118458268, "s": "BTCUSDT", "p": "69431.70", "q": "0.002", "f": 4844970796, "l": 4844970796, "T": 1712477502478, "m": false}

{"e": "aggTrade", "E": 1712477502782, "a": 2118458269, "s": "BTCUSDT", "p": "69431.70", "q": "0.002", "f": 4844970797, "l": 4844970797, "T": 1712477502628, "m": false}

{"e": "aggTrade", "E": 1712477503309, "a": 2118458270, "s": "BTCUSDT", "p": "69431.60", "q": "0.002", "f": 4844970798, "l": 4844970799, "T": 1712477503154, "m": true}

{"e": "aggTrade", "E": 1712477503462, "a": 2118458271, "s": "BTCUSDT", "p": "69431.60", "q": "0.030", "f": 4844970800, "l": 4844970802, "T": 1712477503359, "m": true}

{"e": "aggTrade", "E": 1712477503495, "a": 2118458272, "s": "BTCUSDT", "p": "69431.60", "q": "0.002", "f": 4844970803, "l": 4844970803, "T": 1712477503460, "m": true}

{"e": "aggTrade", "E": 1712477503647, "a": 2118458273, "s": "BTCUSDT", "p": "69431.70", "q": "0.002", "f": 4844970804, "l": 4844970804, "T": 1712477503493, "m": false}

{"e": "aggTrade", "E": 1712477503942, "a": 2118458274, "s": "BTCUSDT", "p": "69431.70", "q": "0.005", "f": 4844970805, "l": 4844970805, "T": 1712477503788, "m": false}

{"e": "aggTrade", "E": 1712477504144, "a": 2118458275, "s": "BTCUSDT", "p": "69431.70", "q": "0.006", "f": 4844970806, "l": 4844970806, "T": 1712477503989, "m": false}

{"e": "aggTrade", "E": 1712477504538, "a": 2118458276, "s": "BTCUSDT", "p": "69431.70", "q": "0.040", "f": 4844970807, "l": 4844970807, "T": 1712477504383, "m": false}

{"e": "aggTrade", "E": 1712477504847, "a": 2118458277, "s": "BTCUSDT", "p": "69431.60", "q": "0.002", "f": 4844970808, "l": 4844970808, "T": 1712477504690, "m": true}

{"e": "aggTrade", "E": 1712477505025, "a": 2118458278, "s": "BTCUSDT", "p": "69431.70", "q": "0.002", "f": 4844970809, "l": 4844970809, "T": 1712477504871, "m": false}

{"e": "aggTrade", "E": 1712477505398, "a": 2118458279, "s": "BTCUSDT", "p": "69431.70", "q": "0.006", "f": 4844970810, "l": 4844970811, "T": 1712477505243, "m": false}

{"e": "aggTrade", "E": 1712477505498, "a": 2118458280, "s": "BTCUSDT", "p": "69431.60", "q": "0.395", "f": 4844970812, "l": 4844970814, "T": 1712477505444, "m": true}

{"e": "aggTrade", "E": 1712477505649, "a": 2118458281, "s": "BTCUSDT", "p": "69431.70", "q": "0.007", "f": 4844970815, "l": 4844970815, "T": 1712477505496, "m": false}

{"e": "aggTrade", "E": 1712477505849, "a": 2118458282, "s": "BTCUSDT", "p": "69431.60", "q": "0.002", "f": 4844970816, "l": 4844970816, "T": 1712477505695, "m": true}

{"e": "aggTrade", "E": 1712477505889, "a": 2118458283, "s": "BTCUSDT", "p": "69431.60", "q": "4.905", "f": 4844970817, "l": 4844970872, "T": 1712477505885, "m": true}

{"e": "aggTrade", "E": 1712477505889, "a": 2118458284, "s": "BTCUSDT", "p": "69431.50", "q": "2.053", "f": 4844970873, "l": 4844970874, "T": 1712477505885, "m": true}

{"e": "aggTrade", "E": 1712477505889, "a": 2118458285, "s": "BTCUSDT", "p": "69431.40", "q": "0.105", "f": 4844970875, "l": 4844970875, "T": 1712477505885, "m": true}

{"e": "aggTrade", "E": 1712477505889, "a": 2118458286, "s": "BTCUSDT", "p": "69431.30", "q": "0.120", "f": 4844970876, "l": 4844970877, "T": 1712477505885, "m": true}

{"e": "aggTrade", "E": 1712477505889, "a": 2118458287, "s": "BTCUSDT", "p": "69431.20", "q": "0.107", "f": 4844970878, "l": 4844970878, "T": 1712477505885, "m": true}

{"e": "aggTrade", "E": 1712477505889, "a": 2118458288, "s": "BTCUSDT", "p": "69431.10", "q": "0.106", "f": 4844970879, "l": 4844970879, "T": 1712477505885, "m": true}

{"e": "aggTrade", "E": 1712477505889, "a": 2118458289, "s": "BTCUSDT", "p": "69430.80", "q": "0.004", "f": 4844970880, "l": 4844970880, "T": 1712477505885, "m": true}

{"e": "aggTrade", "E": 1712477505889, "a": 2118458290, "s": "BTCUSDT", "p": "69430.50", "q": "0.864", "f": 4844970881, "l": 4844970881, "T": 1712477505885, "m": true}

{"e": "aggTrade", "E": 1712477505889, "a": 2118458291, "s": "BTCUSDT", "p": "69430.40", "q": "0.874", "f": 4844970882, "l": 4844970882, "T": 1712477505885, "m": true}

{"e": "aggTrade", "E": 1712477505889, "a": 2118458292, "s": "BTCUSDT", "p": "69430.20", "q": "0.943", "f": 4844970883, "l": 4844970884, "T": 1712477505885, "m": true}

{"e": "aggTrade", "E": 1712477505896, "a": 2118458293, "s": "BTCUSDT", "p": "69430.10", "q": "0.148", "f": 4844970885, "l": 4844970887, "T": 1712477505885, "m": true}

{"e": "aggTrade", "E": 1712477505896, "a": 2118458294, "s": "BTCUSDT", "p": "69430.00", "q": "0.002", "f": 4844970888, "l": 4844970888, "T": 1712477505892, "m": true}

{"e": "aggTrade", "E": 1712477505904, "a": 2118458295, "s": "BTCUSDT", "p": "69429.80", "q": "0.002", "f": 4844970889, "l": 4844970889, "T": 1712477505892, "m": true}

{"e": "aggTrade", "E": 1712477505976, "a": 2118458296, "s": "BTCUSDT", "p": "69429.50", "q": "0.006", "f": 4844970890, "l": 4844970891, "T": 1712477505902, "m": true}

{"e": "aggTrade", "E": 1712477506127, "a": 2118458297, "s": "BTCUSDT", "p": "69429.50", "q": "0.002", "f": 4844970892, "l": 4844970892, "T": 1712477505973, "m": false}

{"e": "aggTrade", "E": 1712477506283, "a": 2118458298, "s": "BTCUSDT", "p": "69429.40", "q": "0.003", "f": 4844970893, "l": 4844970893, "T": 1712477506129, "m": true}

{"e": "aggTrade", "E": 1712477506539, "a": 2118458299, "s": "BTCUSDT", "p": "69429.50", "q": "0.008", "f": 4844970894, "l": 4844970894, "T": 1712477506385, "m": false}

{"e": "aggTrade", "E": 1712477506709, "a": 2118458300, "s": "BTCUSDT", "p": "69429.40", "q": "0.002", "f": 4844970895, "l": 4844970895, "T": 1712477506556, "m": true}

{"e": "aggTrade", "E": 1712477507303, "a": 2118458301, "s": "BTCUSDT", "p": "69429.50", "q": "0.030", "f": 4844970896, "l": 4844970896, "T": 1712477507150, "m": false}

{"e": "aggTrade", "E": 1712477507523, "a": 2118458302, "s": "BTCUSDT", "p": "69429.50", "q": "0.517", "f": 4844970897, "l": 4844970899, "T": 1712477507370, "m": false}

{"e": "aggTrade", "E": 1712477507978, "a": 2118458303, "s": "BTCUSDT", "p": "69429.40", "q": "0.072", "f": 4844970900, "l": 4844970901, "T": 1712477507825, "m": true}

{"e": "aggTrade", "E": 1712477508572, "a": 2118458304, "s": "BTCUSDT", "p": "69429.50", "q": "0.002", "f": 4844970902, "l": 4844970902, "T": 1712477508419, "m": false}

{"e": "aggTrade", "E": 1712477510139, "a": 2118458305, "s": "BTCUSDT", "p": "69429.40", "q": "0.028", "f": 4844970903, "l": 4844970903, "T": 1712477509985, "m": true}

{"e": "aggTrade", "E": 1712477510628, "a": 2118458306, "s": "BTCUSDT", "p": "69429.50", "q": "0.002", "f": 4844970904, "l": 4844970904, "T": 1712477510473, "m": false}

{"e": "aggTrade", "E": 1712477510879, "a": 2118458307, "s": "BTCUSDT", "p": "69429.40", "q": "0.020", "f": 4844970905, "l": 4844970905, "T": 1712477510725, "m": true}

{"e": "aggTrade", "E": 1712477511105, "a": 2118458308, "s": "BTCUSDT", "p": "69429.50", "q": "0.004", "f": 4844970906, "l": 4844970907, "T": 1712477510957, "m": false}

{"e": "aggTrade", "E": 1712477511207, "a": 2118458309, "s": "BTCUSDT", "p": "69429.40", "q": "0.002", "f": 4844970908, "l": 4844970908, "T": 1712477511102, "m": true}

{"e": "aggTrade", "E": 1712477511358, "a": 2118458310, "s": "BTCUSDT", "p": "69429.40", "q": "0.002", "f": 4844970909, "l": 4844970909, "T": 1712477511204, "m": true}

{"e": "aggTrade", "E": 1712477512330, "a": 2118458311, "s": "BTCUSDT", "p": "69429.50", "q": "0.002", "f": 4844970910, "l": 4844970910, "T": 1712477512176, "m": false}

{"e": "aggTrade", "E": 1712477512543, "a": 2118458312, "s": "BTCUSDT", "p": "69429.40", "q": "0.036", "f": 4844970911, "l": 4844970911, "T": 1712477512388, "m": true}

{"e": "aggTrade", "E": 1712477512706, "a": 2118458313, "s": "BTCUSDT", "p": "69429.50", "q": "0.002", "f": 4844970912, "l": 4844970912, "T": 1712477512626, "m": false}

{"e": "aggTrade", "E": 1712477512857, "a": 2118458314, "s": "BTCUSDT", "p": "69429.40", "q": "0.072", "f": 4844970913, "l": 4844970913, "T": 1712477512703, "m": true}

{"e": "aggTrade", "E": 1712477513945, "a": 2118458315, "s": "BTCUSDT", "p": "69429.50", "q": "0.005", "f": 4844970914, "l": 4844970914, "T": 1712477513791, "m": false}

{"e": "aggTrade", "E": 1712477514454, "a": 2118458316, "s": "BTCUSDT", "p": "69429.50", "q": "0.075", "f": 4844970915, "l": 4844970917, "T": 1712477514358, "m": false}

{"e": "aggTrade", "E": 1712477514605, "a": 2118458317, "s": "BTCUSDT", "p": "69429.40", "q": "0.005", "f": 4844970918, "l": 4844970920, "T": 1712477514450, "m": true}

{"e": "aggTrade", "E": 1712477514644, "a": 2118458318, "s": "BTCUSDT", "p": "69429.40", "q": "0.788", "f": 4844970921, "l": 4844970943, "T": 1712477514639, "m": true}

{"e": "aggTrade", "E": 1712477514644, "a": 2118458319, "s": "BTCUSDT", "p": "69428.70", "q": "0.004", "f": 4844970944, "l": 4844970944, "T": 1712477514640, "m": true}

{"e": "aggTrade", "E": 1712477514644, "a": 2118458320, "s": "BTCUSDT", "p": "69428.10", "q": "0.002", "f": 4844970945, "l": 4844970945, "T": 1712477514640, "m": true}

{"e": "aggTrade", "E": 1712477514644, "a": 2118458321, "s": "BTCUSDT", "p": "69428.00", "q": "0.002", "f": 4844970946, "l": 4844970946, "T": 1712477514640, "m": true}

{"e": "aggTrade", "E": 1712477514644, "a": 2118458322, "s": "BTCUSDT", "p": "69427.90", "q": "0.055", "f": 4844970947, "l": 4844970948, "T": 1712477514640, "m": true}

{"e": "aggTrade", "E": 1712477514644, "a": 2118458323, "s": "BTCUSDT", "p": "69427.00", "q": "0.048", "f": 4844970949, "l": 4844970950, "T": 1712477514640, "m": true}

{"e": "aggTrade", "E": 1712477514647, "a": 2118458324, "s": "BTCUSDT", "p": "69426.40", "q": "0.084", "f": 4844970951, "l": 4844970952, "T": 1712477514640, "m": true}

{"e": "aggTrade", "E": 1712477514647, "a": 2118458325, "s": "BTCUSDT", "p": "69426.20", "q": "0.216", "f": 4844970953, "l": 4844970955, "T": 1712477514643, "m": true}

{"e": "aggTrade", "E": 1712477514746, "a": 2118458326, "s": "BTCUSDT", "p": "69426.00", "q": "0.013", "f": 4844970956, "l": 4844970960, "T": 1712477514643, "m": true}

{"e": "aggTrade", "E": 1712477514746, "a": 2118458327, "s": "BTCUSDT", "p": "69425.10", "q": "0.005", "f": 4844970961, "l": 4844970961, "T": 1712477514742, "m": true}

{"e": "aggTrade", "E": 1712477514746, "a": 2118458328, "s": "BTCUSDT", "p": "69424.90", "q": "0.041", "f": 4844970962, "l": 4844970963, "T": 1712477514742, "m": true}

{"e": "aggTrade", "E": 1712477514748, "a": 2118458329, "s": "BTCUSDT", "p": "69424.80", "q": "0.003", "f": 4844970964, "l": 4844970964, "T": 1712477514742, "m": true}

{"e": "aggTrade", "E": 1712477514757, "a": 2118458330, "s": "BTCUSDT", "p": "69424.60", "q": "0.006", "f": 4844970965, "l": 4844970965, "T": 1712477514745, "m": true}

{"e": "aggTrade", "E": 1712477514757, "a": 2118458331, "s": "BTCUSDT", "p": "69424.10", "q": "0.002", "f": 4844970966, "l": 4844970966, "T": 1712477514755, "m": false}

{"e": "aggTrade", "E": 1712477514757, "a": 2118458332, "s": "BTCUSDT", "p": "69424.00", "q": "0.043", "f": 4844970967, "l": 4844970968, "T": 1712477514755, "m": true}

{"e": "aggTrade", "E": 1712477514757, "a": 2118458333, "s": "BTCUSDT", "p": "69423.90", "q": "0.002", "f": 4844970969, "l": 4844970969, "T": 1712477514755, "m": true}

{"e": "aggTrade", "E": 1712477514797, "a": 2118458334, "s": "BTCUSDT", "p": "69423.80", "q": "0.041", "f": 4844970970, "l": 4844970970, "T": 1712477514755, "m": true}

{"e": "aggTrade", "E": 1712477514797, "a": 2118458335, "s": "BTCUSDT", "p": "69422.70", "q": "0.022", "f": 4844970971, "l": 4844970975, "T": 1712477514794, "m": true}

{"e": "aggTrade", "E": 1712477514797, "a": 2118458336, "s": "BTCUSDT", "p": "69422.40", "q": "0.002", "f": 4844970976, "l": 4844970976, "T": 1712477514794, "m": true}

{"e": "aggTrade", "E": 1712477514804, "a": 2118458337, "s": "BTCUSDT", "p": "69422.10", "q": "0.003", "f": 4844970977, "l": 4844970978, "T": 1712477514794, "m": true}

{"e": "aggTrade", "E": 1712477514804, "a": 2118458338, "s": "BTCUSDT", "p": "69422.00", "q": "0.011", "f": 4844970979, "l": 4844970980, "T": 1712477514801, "m": true}

{"e": "aggTrade", "E": 1712477514804, "a": 2118458339, "s": "BTCUSDT", "p": "69421.90", "q": "0.016", "f": 4844970981, "l": 4844970982, "T": 1712477514801, "m": true}

{"e": "aggTrade", "E": 1712477514804, "a": 2118458340, "s": "BTCUSDT", "p": "69421.80", "q": "0.002", "f": 4844970983, "l": 4844970983, "T": 1712477514801, "m": true}

{"e": "aggTrade", "E": 1712477514804, "a": 2118458341, "s": "BTCUSDT", "p": "69421.60", "q": "0.002", "f": 4844970984, "l": 4844970984, "T": 1712477514801, "m": true}

{"e": "aggTrade", "E": 1712477514804, "a": 2118458342, "s": "BTCUSDT", "p": "69421.50", "q": "0.014", "f": 4844970985, "l": 4844970985, "T": 1712477514801, "m": true}

{"e": "aggTrade", "E": 1712477514804, "a": 2118458343, "s": "BTCUSDT", "p": "69421.40", "q": "0.002", "f": 4844970986, "l": 4844970986, "T": 1712477514801, "m": true}

{"e": "aggTrade", "E": 1712477514804, "a": 2118458344, "s": "BTCUSDT", "p": "69421.30", "q": "0.002", "f": 4844970987, "l": 4844970987, "T": 1712477514801, "m": true}

{"e": "aggTrade", "E": 1712477514804, "a": 2118458345, "s": "BTCUSDT", "p": "69421.20", "q": "0.005", "f": 4844970988, "l": 4844970988, "T": 1712477514801, "m": true}

{"e": "aggTrade", "E": 1712477514806, "a": 2118458346, "s": "BTCUSDT", "p": "69420.80", "q": "0.003", "f": 4844970989, "l": 4844970990, "T": 1712477514801, "m": true}

{"e": "aggTrade", "E": 1712477514806, "a": 2118458347, "s": "BTCUSDT", "p": "69420.60", "q": "0.002", "f": 4844970991, "l": 4844970991, "T": 1712477514803, "m": true}

{"e": "aggTrade", "E": 1712477514944, "a": 2118458348, "s": "BTCUSDT", "p": "69420.00", "q": "0.010", "f": 4844970992, "l": 4844970993, "T": 1712477514803, "m": true}

{"e": "aggTrade", "E": 1712477515095, "a": 2118458349, "s": "BTCUSDT", "p": "69419.90", "q": "0.039", "f": 4844970994, "l": 4844970994, "T": 1712477514941, "m": false}

{"e": "aggTrade", "E": 1712477515285, "a": 2118458350, "s": "BTCUSDT", "p": "69419.80", "q": "0.010", "f": 4844970995, "l": 4844970995, "T": 1712477515132, "m": true}

{"e": "aggTrade", "E": 1712477515575, "a": 2118458351, "s": "BTCUSDT", "p": "69419.90", "q": "0.065", "f": 4844970996, "l": 4844970996, "T": 1712477515422, "m": false}

{"e": "aggTrade", "E": 1712477515744, "a": 2118458352, "s": "BTCUSDT", "p": "69419.80", "q": "0.002", "f": 4844970997, "l": 4844970997, "T": 1712477515591, "m": true}

{"e": "aggTrade", "E": 1712477516550, "a": 2118458353, "s": "BTCUSDT", "p": "69419.90", "q": "0.233", "f": 4844970998, "l": 4844970999, "T": 1712477516395, "m": false}

{"e": "aggTrade", "E": 1712477517604, "a": 2118458354, "s": "BTCUSDT", "p": "69419.80", "q": "0.002", "f": 4844971000, "l": 4844971000, "T": 1712477517449, "m": true}

{"e": "aggTrade", "E": 1712477518791, "a": 2118458355, "s": "BTCUSDT", "p": "69419.80", "q": "0.413", "f": 4844971001, "l": 4844971006, "T": 1712477518761, "m": true}

{"e": "aggTrade", "E": 1712477518809, "a": 2118458356, "s": "BTCUSDT", "p": "69419.90", "q": "0.008", "f": 4844971007, "l": 4844971007, "T": 1712477518788, "m": false}

{"e": "aggTrade", "E": 1712477518809, "a": 2118458357, "s": "BTCUSDT", "p": "69419.80", "q": "0.311", "f": 4844971008, "l": 4844971017, "T": 1712477518805, "m": true}

{"e": "aggTrade", "E": 1712477518809, "a": 2118458358, "s": "BTCUSDT", "p": "69419.60", "q": "0.070", "f": 4844971018, "l": 4844971018, "T": 1712477518805, "m": true}

{"e": "aggTrade", "E": 1712477518809, "a": 2118458359, "s": "BTCUSDT", "p": "69419.40", "q": "0.029", "f": 4844971019, "l": 4844971020, "T": 1712477518805, "m": true}

{"e": "aggTrade", "E": 1712477518809, "a": 2118458360, "s": "BTCUSDT", "p": "69419.00", "q": "0.006", "f": 4844971021, "l": 4844971021, "T": 1712477518805, "m": true}

{"e": "aggTrade", "E": 1712477518809, "a": 2118458361, "s": "BTCUSDT", "p": "69418.30", "q": "0.002", "f": 4844971022, "l": 4844971022, "T": 1712477518805, "m": true}

{"e": "aggTrade", "E": 1712477518809, "a": 2118458362, "s": "BTCUSDT", "p": "69418.00", "q": "0.008", "f": 4844971023, "l": 4844971024, "T": 1712477518805, "m": true}

{"e": "aggTrade", "E": 1712477518809, "a": 2118458363, "s": "BTCUSDT", "p": "69417.80", "q": "0.006", "f": 4844971025, "l": 4844971025, "T": 1712477518806, "m": true}

{"e": "aggTrade", "E": 1712477518809, "a": 2118458364, "s": "BTCUSDT", "p": "69417.60", "q": "0.002", "f": 4844971026, "l": 4844971026, "T": 1712477518806, "m": true}

{"e": "aggTrade", "E": 1712477518809, "a": 2118458365, "s": "BTCUSDT", "p": "69417.10", "q": "0.052", "f": 4844971027, "l": 4844971027, "T": 1712477518806, "m": true}

{"e": "aggTrade", "E": 1712477518809, "a": 2118458366, "s": "BTCUSDT", "p": "69417.00", "q": "0.038", "f": 4844971028, "l": 4844971029, "T": 1712477518806, "m": true}

{"e": "aggTrade", "E": 1712477518809, "a": 2118458367, "s": "BTCUSDT", "p": "69416.90", "q": "0.032", "f": 4844971030, "l": 4844971032, "T": 1712477518806, "m": true}

{"e": "aggTrade", "E": 1712477518809, "a": 2118458368, "s": "BTCUSDT", "p": "69416.60", "q": "0.021", "f": 4844971033, "l": 4844971033, "T": 1712477518806, "m": true}

{"e": "aggTrade", "E": 1712477518810, "a": 2118458369, "s": "BTCUSDT", "p": "69416.40", "q": "0.049", "f": 4844971034, "l": 4844971035, "T": 1712477518806, "m": true}

{"e": "aggTrade", "E": 1712477518810, "a": 2118458370, "s": "BTCUSDT", "p": "69416.20", "q": "0.002", "f": 4844971036, "l": 4844971036, "T": 1712477518806, "m": true}

{"e": "aggTrade", "E": 1712477518810, "a": 2118458371, "s": "BTCUSDT", "p": "69416.00", "q": "0.007", "f": 4844971037, "l": 4844971038, "T": 1712477518806, "m": true}

{"e": "aggTrade", "E": 1712477518810, "a": 2118458372, "s": "BTCUSDT", "p": "69415.90", "q": "0.014", "f": 4844971039, "l": 4844971039, "T": 1712477518806, "m": true}

{"e": "aggTrade", "E": 1712477518810, "a": 2118458373, "s": "BTCUSDT", "p": "69415.50", "q": "0.004", "f": 4844971040, "l": 4844971041, "T": 1712477518806, "m": true}

{"e": "aggTrade", "E": 1712477518810, "a": 2118458374, "s": "BTCUSDT", "p": "69415.40", "q": "0.065", "f": 4844971042, "l": 4844971043, "T": 1712477518806, "m": true}

{"e": "aggTrade", "E": 1712477518810, "a": 2118458375, "s": "BTCUSDT", "p": "69415.20", "q": "0.353", "f": 4844971044, "l": 4844971046, "T": 1712477518806, "m": true}

{"e": "aggTrade", "E": 1712477518810, "a": 2118458376, "s": "BTCUSDT", "p": "69414.50", "q": "0.268", "f": 4844971047, "l": 4844971047, "T": 1712477518806, "m": true}

{"e": "aggTrade", "E": 1712477518810, "a": 2118458377, "s": "BTCUSDT", "p": "69414.30", "q": "0.368", "f": 4844971048, "l": 4844971048, "T": 1712477518806, "m": true}

{"e": "aggTrade", "E": 1712477518810, "a": 2118458378, "s": "BTCUSDT", "p": "69414.20", "q": "0.002", "f": 4844971049, "l": 4844971049, "T": 1712477518806, "m": true}

{"e": "aggTrade", "E": 1712477518810, "a": 2118458379, "s": "BTCUSDT", "p": "69414.00", "q": "0.084", "f": 4844971050, "l": 4844971052, "T": 1712477518806, "m": true}

{"e": "aggTrade", "E": 1712477518810, "a": 2118458380, "s": "BTCUSDT", "p": "69413.80", "q": "0.570", "f": 4844971053, "l": 4844971054, "T": 1712477518806, "m": true}

{"e": "aggTrade", "E": 1712477518810, "a": 2118458381, "s": "BTCUSDT", "p": "69413.60", "q": "0.015", "f": 4844971055, "l": 4844971055, "T": 1712477518806, "m": true}

{"e": "aggTrade", "E": 1712477518810, "a": 2118458382, "s": "BTCUSDT", "p": "69413.40", "q": "0.002", "f": 4844971056, "l": 4844971056, "T": 1712477518806, "m": true}

{"e": "aggTrade", "E": 1712477518810, "a": 2118458383, "s": "BTCUSDT", "p": "69413.30", "q": "0.002", "f": 4844971057, "l": 4844971057, "T": 1712477518806, "m": true}

{"e": "aggTrade", "E": 1712477518810, "a": 2118458384, "s": "BTCUSDT", "p": "69413.10", "q": "0.006", "f": 4844971058, "l": 4844971058, "T": 1712477518806, "m": true}

{"e": "aggTrade", "E": 1712477518810, "a": 2118458385, "s": "BTCUSDT", "p": "69413.00", "q": "0.046", "f": 4844971059, "l": 4844971060, "T": 1712477518806, "m": true}

{"e": "aggTrade", "E": 1712477518904, "a": 2118458386, "s": "BTCUSDT", "p": "69412.90", "q": "0.176", "f": 4844971061, "l": 4844971063, "T": 1712477518806, "m": true}

{"e": "aggTrade", "E": 1712477518986, "a": 2118458387, "s": "BTCUSDT", "p": "69413.90", "q": "0.047", "f": 4844971064, "l": 4844971064, "T": 1712477518903, "m": true}

{"e": "aggTrade", "E": 1712477519137, "a": 2118458388, "s": "BTCUSDT", "p": "69414.00", "q": "0.074", "f": 4844971065, "l": 4844971067, "T": 1712477518983, "m": false}

{"e": "aggTrade", "E": 1712477519821, "a": 2118458389, "s": "BTCUSDT", "p": "69414.00", "q": "1.113", "f": 4844971068, "l": 4844971084, "T": 1712477519678, "m": false}

{"e": "aggTrade", "E": 1712477519821, "a": 2118458390, "s": "BTCUSDT", "p": "69414.40", "q": "0.002", "f": 4844971085, "l": 4844971085, "T": 1712477519818, "m": false}

{"e": "aggTrade", "E": 1712477519825, "a": 2118458391, "s": "BTCUSDT", "p": "69414.90", "q": "0.002", "f": 4844971086, "l": 4844971086, "T": 1712477519818, "m": false}

{"e": "aggTrade", "E": 1712477519825, "a": 2118458392, "s": "BTCUSDT", "p": "69415.50", "q": "0.002", "f": 4844971087, "l": 4844971087, "T": 1712477519821, "m": false}

{"e": "aggTrade", "E": 1712477519875, "a": 2118458393, "s": "BTCUSDT", "p": "69416.00", "q": "0.002", "f": 4844971088, "l": 4844971088, "T": 1712477519821, "m": false}

{"e": "aggTrade", "E": 1712477519880, "a": 2118458394, "s": "BTCUSDT", "p": "69417.00", "q": "0.014", "f": 4844971089, "l": 4844971089, "T": 1712477519870, "m": false}

{"e": "aggTrade", "E": 1712477519880, "a": 2118458395, "s": "BTCUSDT", "p": "69417.60", "q": "0.002", "f": 4844971090, "l": 4844971090, "T": 1712477519877, "m": false}

{"e": "aggTrade", "E": 1712477519888, "a": 2118458396, "s": "BTCUSDT", "p": "69418.00", "q": "0.002", "f": 4844971091, "l": 4844971091, "T": 1712477519877, "m": false}

{"e": "aggTrade", "E": 1712477519888, "a": 2118458397, "s": "BTCUSDT", "p": "69419.40", "q": "0.002", "f": 4844971092, "l": 4844971092, "T": 1712477519886, "m": false}

{"e": "aggTrade", "E": 1712477519888, "a": 2118458398, "s": "BTCUSDT", "p": "69419.70", "q": "0.002", "f": 4844971093, "l": 4844971093, "T": 1712477519886, "m": false}

{"e": "aggTrade", "E": 1712477519976, "a": 2118458399, "s": "BTCUSDT", "p": "69419.90", "q": "0.002", "f": 4844971094, "l": 4844971094, "T": 1712477519886, "m": false}

{"e": "aggTrade", "E": 1712477520081, "a": 2118458400, "s": "BTCUSDT", "p": "69419.80", "q": "0.030", "f": 4844971095, "l": 4844971095, "T": 1712477519972, "m": true}

{"e": "aggTrade", "E": 1712477520084, "a": 2118458401, "s": "BTCUSDT", "p": "69419.90", "q": "0.024", "f": 4844971096, "l": 4844971103, "T": 1712477520078, "m": false}

{"e": "aggTrade", "E": 1712477520084, "a": 2118458402, "s": "BTCUSDT", "p": "69420.00", "q": "0.002", "f": 4844971104, "l": 4844971104, "T": 1712477520080, "m": false}

{"e": "aggTrade", "E": 1712477520084, "a": 2118458403, "s": "BTCUSDT", "p": "69421.50", "q": "0.004", "f": 4844971105, "l": 4844971105, "T": 1712477520080, "m": false}

{"e": "aggTrade", "E": 1712477520097, "a": 2118458404, "s": "BTCUSDT", "p": "69421.80", "q": "0.002", "f": 4844971106, "l": 4844971106, "T": 1712477520080, "m": false}

{"e": "aggTrade", "E": 1712477520097, "a": 2118458405, "s": "BTCUSDT", "p": "69422.10", "q": "0.004", "f": 4844971107, "l": 4844971107, "T": 1712477520094, "m": false}

{"e": "aggTrade", "E": 1712477520116, "a": 2118458406, "s": "BTCUSDT", "p": "69422.80", "q": "0.002", "f": 4844971108, "l": 4844971108, "T": 1712477520094, "m": false}

{"e": "aggTrade", "E": 1712477520116, "a": 2118458407, "s": "BTCUSDT", "p": "69423.60", "q": "0.009", "f": 4844971109, "l": 4844971109, "T": 1712477520112, "m": false}

{"e": "aggTrade", "E": 1712477520116, "a": 2118458408, "s": "BTCUSDT", "p": "69423.70", "q": "0.002", "f": 4844971110, "l": 4844971110, "T": 1712477520112, "m": false}

{"e": "aggTrade", "E": 1712477520122, "a": 2118458409, "s": "BTCUSDT", "p": "69423.80", "q": "0.004", "f": 4844971111, "l": 4844971112, "T": 1712477520112, "m": false}

{"e": "aggTrade", "E": 1712477520122, "a": 2118458410, "s": "BTCUSDT", "p": "69423.90", "q": "0.002", "f": 4844971113, "l": 4844971113, "T": 1712477520119, "m": false}

{"e": "aggTrade", "E": 1712477520273, "a": 2118458411, "s": "BTCUSDT", "p": "69425.10", "q": "0.004", "f": 4844971114, "l": 4844971115, "T": 1712477520119, "m": false}

{"e": "aggTrade", "E": 1712477520770, "a": 2118458412, "s": "BTCUSDT", "p": "69425.50", "q": "0.367", "f": 4844971116, "l": 4844971118, "T": 1712477520637, "m": false}

{"e": "aggTrade", "E": 1712477520921, "a": 2118458413, "s": "BTCUSDT", "p": "69425.40", "q": "0.002", "f": 4844971119, "l": 4844971119, "T": 1712477520766, "m": true}

{"e": "aggTrade", "E": 1712477521273, "a": 2118458414, "s": "BTCUSDT", "p": "69425.40", "q": "0.030", "f": 4844971120, "l": 4844971122, "T": 1712477521121, "m": true}

{"e": "aggTrade", "E": 1712477521281, "a": 2118458415, "s": "BTCUSDT", "p": "69425.40", "q": "0.014", "f": 4844971123, "l": 4844971123, "T": 1712477521271, "m": true}

{"e": "aggTrade", "E": 1712477521326, "a": 2118458416, "s": "BTCUSDT", "p": "69425.50", "q": "0.288", "f": 4844971124, "l": 4844971126, "T": 1712477521278, "m": false}

{"e": "aggTrade", "E": 1712477521428, "a": 2118458417, "s": "BTCUSDT", "p": "69425.40", "q": "0.239", "f": 4844971127, "l": 4844971129, "T": 1712477521322, "m": true}

{"e": "aggTrade", "E": 1712477521536, "a": 2118458418, "s": "BTCUSDT", "p": "69425.40", "q": "0.030", "f": 4844971130, "l": 4844971131, "T": 1712477521425, "m": true}

{"e": "aggTrade", "E": 1712477521683, "a": 2118458419, "s": "BTCUSDT", "p": "69425.40", "q": "0.044", "f": 4844971132, "l": 4844971134, "T": 1712477521532, "m": true}

{"e": "aggTrade", "E": 1712477521826, "a": 2118458420, "s": "BTCUSDT", "p": "69425.40", "q": "0.010", "f": 4844971135, "l": 4844971136, "T": 1712477521680, "m": true}

{"e": "aggTrade", "E": 1712477521977, "a": 2118458421, "s": "BTCUSDT", "p": "69425.40", "q": "0.300", "f": 4844971137, "l": 4844971138, "T": 1712477521823, "m": true}

{"e": "aggTrade", "E": 1712477522382, "a": 2118458422, "s": "BTCUSDT", "p": "69425.50", "q": "0.023", "f": 4844971139, "l": 4844971139, "T": 1712477522229, "m": false}

{"e": "aggTrade", "E": 1712477522587, "a": 2118458423, "s": "BTCUSDT", "p": "69425.40", "q": "0.050", "f": 4844971140, "l": 4844971141, "T": 1712477522434, "m": true}

{"e": "aggTrade", "E": 1712477523002, "a": 2118458424, "s": "BTCUSDT", "p": "69425.50", "q": "0.002", "f": 4844971142, "l": 4844971142, "T": 1712477522850, "m": false}

{"e": "aggTrade", "E": 1712477523173, "a": 2118458425, "s": "BTCUSDT", "p": "69425.50", "q": "0.002", "f": 4844971143, "l": 4844971143, "T": 1712477523152, "m": false}

{"e": "aggTrade", "E": 1712477523324, "a": 2118458426, "s": "BTCUSDT", "p": "69425.40", "q": "0.077", "f": 4844971144, "l": 4844971145, "T": 1712477523172, "m": true}

{"e": "aggTrade", "E": 1712477523600, "a": 2118458427, "s": "BTCUSDT", "p": "69425.40", "q": "0.002", "f": 4844971146, "l": 4844971146, "T": 1712477523494, "m": true}

{"e": "aggTrade", "E": 1712477523751, "a": 2118458428, "s": "BTCUSDT", "p": "69425.40", "q": "0.004", "f": 4844971147, "l": 4844971148, "T": 1712477523597, "m": true}

{"e": "aggTrade", "E": 1712477523924, "a": 2118458429, "s": "BTCUSDT", "p": "69425.50", "q": "0.007", "f": 4844971149, "l": 4844971149, "T": 1712477523769, "m": false}

{"e": "aggTrade", "E": 1712477524614, "a": 2118458430, "s": "BTCUSDT", "p": "69425.40", "q": "0.006", "f": 4844971150, "l": 4844971151, "T": 1712477524459, "m": true}

{"e": "aggTrade", "E": 1712477526301, "a": 2118458431, "s": "BTCUSDT", "p": "69425.40", "q": "0.002", "f": 4844971152, "l": 4844971152, "T": 1712477526147, "m": true}

{"e": "aggTrade", "E": 1712477526602, "a": 2118458432, "s": "BTCUSDT", "p": "69425.50", "q": "0.056", "f": 4844971153, "l": 4844971153, "T": 1712477526568, "m": false}

{"e": "aggTrade", "E": 1712477526753, "a": 2118458433, "s": "BTCUSDT", "p": "69425.40", "q": "0.024", "f": 4844971154, "l": 4844971154, "T": 1712477526600, "m": true}

{"e": "aggTrade", "E": 1712477527931, "a": 2118458434, "s": "BTCUSDT", "p": "69425.40", "q": "0.500", "f": 4844971155, "l": 4844971155, "T": 1712477527891, "m": true}

{"e": "aggTrade", "E": 1712477528043, "a": 2118458435, "s": "BTCUSDT", "p": "69425.50", "q": "0.004", "f": 4844971156, "l": 4844971156, "T": 1712477527928, "m": false}

{"e": "aggTrade", "E": 1712477528194, "a": 2118458436, "s": "BTCUSDT", "p": "69425.50", "q": "0.049", "f": 4844971157, "l": 4844971157, "T": 1712477528040, "m": false}

{"e": "aggTrade", "E": 1712477528431, "a": 2118458437, "s": "BTCUSDT", "p": "69425.40", "q": "0.506", "f": 4844971158, "l": 4844971178, "T": 1712477528276, "m": true}

{"e": "aggTrade", "E": 1712477528863, "a": 2118458438, "s": "BTCUSDT", "p": "69425.40", "q": "0.005", "f": 4844971179, "l": 4844971179, "T": 1712477528708, "m": true}

{"e": "aggTrade", "E": 1712477530998, "a": 2118458439, "s": "BTCUSDT", "p": "69425.40", "q": "0.002", "f": 4844971180, "l": 4844971180, "T": 1712477530843, "m": true}

{"e": "aggTrade", "E": 1712477531297, "a": 2118458440, "s": "BTCUSDT", "p": "69425.40", "q": "0.009", "f": 4844971181, "l": 4844971183, "T": 1712477531144, "m": true}

{"e": "aggTrade", "E": 1712477531548, "a": 2118458441, "s": "BTCUSDT", "p": "69425.40", "q": "0.092", "f": 4844971184, "l": 4844971186, "T": 1712477531394, "m": true}

{"e": "aggTrade", "E": 1712477531723, "a": 2118458442, "s": "BTCUSDT", "p": "69425.40", "q": "0.011", "f": 4844971187, "l": 4844971188, "T": 1712477531570, "m": true}

{"e": "aggTrade", "E": 1712477532031, "a": 2118458443, "s": "BTCUSDT", "p": "69425.50", "q": "0.156", "f": 4844971189, "l": 4844971189, "T": 1712477531877, "m": false}

{"e": "aggTrade", "E": 1712477532598, "a": 2118458444, "s": "BTCUSDT", "p": "69425.50", "q": "0.006", "f": 4844971190, "l": 4844971190, "T": 1712477532488, "m": false}

{"e": "aggTrade", "E": 1712477532749, "a": 2118458445, "s": "BTCUSDT", "p": "69425.40", "q": "0.010", "f": 4844971191, "l": 4844971192, "T": 1712477532596, "m": true}

{"e": "aggTrade", "E": 1712477533515, "a": 2118458446, "s": "BTCUSDT", "p": "69425.50", "q": "0.005", "f": 4844971193, "l": 4844971193, "T": 1712477533360, "m": false}

{"e": "aggTrade", "E": 1712477533943, "a": 2118458447, "s": "BTCUSDT", "p": "69425.50", "q": "0.003", "f": 4844971194, "l": 4844971194, "T": 1712477533789, "m": false}

{"e": "aggTrade", "E": 1712477534149, "a": 2118458448, "s": "BTCUSDT", "p": "69425.40", "q": "0.003", "f": 4844971195, "l": 4844971195, "T": 1712477534103, "m": true}

{"e": "aggTrade", "E": 1712477534240, "a": 2118458449, "s": "BTCUSDT", "p": "69425.50", "q": "0.012", "f": 4844971196, "l": 4844971197, "T": 1712477534147, "m": false}

{"e": "aggTrade", "E": 1712477534242, "a": 2118458450, "s": "BTCUSDT", "p": "69425.40", "q": "0.008", "f": 4844971198, "l": 4844971198, "T": 1712477534237, "m": true}

{"e": "aggTrade", "E": 1712477534393, "a": 2118458451, "s": "BTCUSDT", "p": "69425.50", "q": "0.002", "f": 4844971199, "l": 4844971199, "T": 1712477534239, "m": false}

{"e": "aggTrade", "E": 1712477534457, "a": 2118458452, "s": "BTCUSDT", "p": "69425.50", "q": "0.003", "f": 4844971200, "l": 4844971200, "T": 1712477534431, "m": false}

{"e": "aggTrade", "E": 1712477534608, "a": 2118458453, "s": "BTCUSDT", "p": "69425.40", "q": "0.002", "f": 4844971201, "l": 4844971201, "T": 1712477534453, "m": true}

{"e": "aggTrade", "E": 1712477535219, "a": 2118458454, "s": "BTCUSDT", "p": "69425.50", "q": "0.043", "f": 4844971202, "l": 4844971202, "T": 1712477535067, "m": false}

{"e": "aggTrade", "E": 1712477535530, "a": 2118458455, "s": "BTCUSDT", "p": "69425.40", "q": "0.003", "f": 4844971203, "l": 4844971203, "T": 1712477535375, "m": true}

{"e": "aggTrade", "E": 1712477535841, "a": 2118458456, "s": "BTCUSDT", "p": "69425.40", "q": "0.002", "f": 4844971204, "l": 4844971204, "T": 1712477535687, "m": true}

{"e": "aggTrade", "E": 1712477536040, "a": 2118458457, "s": "BTCUSDT", "p": "69425.40", "q": "0.002", "f": 4844971205, "l": 4844971205, "T": 1712477535887, "m": true}

{"e": "aggTrade", "E": 1712477536551, "a": 2118458458, "s": "BTCUSDT", "p": "69425.40", "q": "0.003", "f": 4844971206, "l": 4844971206, "T": 1712477536540, "m": true}

{"e": "aggTrade", "E": 1712477536702, "a": 2118458459, "s": "BTCUSDT", "p": "69425.50", "q": "0.138", "f": 4844971207, "l": 4844971207, "T": 1712477536548, "m": false}

{"e": "aggTrade", "E": 1712477537520, "a": 2118458460, "s": "BTCUSDT", "p": "69425.50", "q": "0.002", "f": 4844971208, "l": 4844971208, "T": 1712477537422, "m": false}

{"e": "aggTrade", "E": 1712477537643, "a": 2118458461, "s": "BTCUSDT", "p": "69425.40", "q": "0.002", "f": 4844971209, "l": 4844971209, "T": 1712477537516, "m": true}

{"e": "aggTrade", "E": 1712477537794, "a": 2118458462, "s": "BTCUSDT", "p": "69425.40", "q": "0.019", "f": 4844971210, "l": 4844971210, "T": 1712477537640, "m": true}

{"e": "aggTrade", "E": 1712477538115, "a": 2118458463, "s": "BTCUSDT", "p": "69425.50", "q": "0.002", "f": 4844971211, "l": 4844971212, "T": 1712477537963, "m": false}

{"e": "aggTrade", "E": 1712477538815, "a": 2118458464, "s": "BTCUSDT", "p": "69425.50", "q": "0.003", "f": 4844971213, "l": 4844971213, "T": 1712477538791, "m": false}

{"e": "aggTrade", "E": 1712477538966, "a": 2118458465, "s": "BTCUSDT", "p": "69425.40", "q": "0.002", "f": 4844971214, "l": 4844971214, "T": 1712477538813, "m": true}

{"e": "aggTrade", "E": 1712477539348, "a": 2118458466, "s": "BTCUSDT", "p": "69425.40", "q": "0.484", "f": 4844971215, "l": 4844971219, "T": 1712477539195, "m": true}

{"e": "aggTrade", "E": 1712477540137, "a": 2118458467, "s": "BTCUSDT", "p": "69425.50", "q": "0.014", "f": 4844971220, "l": 4844971223, "T": 1712477540021, "m": false}

{"e": "aggTrade", "E": 1712477540288, "a": 2118458468, "s": "BTCUSDT", "p": "69425.50", "q": "0.719", "f": 4844971224, "l": 4844971238, "T": 1712477540129, "m": false}

{"e": "aggTrade", "E": 1712477540685, "a": 2118458469, "s": "BTCUSDT", "p": "69425.50", "q": "0.027", "f": 4844971239, "l": 4844971239, "T": 1712477540529, "m": false}

{"e": "aggTrade", "E": 1712477540767, "a": 2118458470, "s": "BTCUSDT", "p": "69425.40", "q": "0.014", "f": 4844971240, "l": 4844971240, "T": 1712477540739, "m": true}

{"e": "aggTrade", "E": 1712477540918, "a": 2118458471, "s": "BTCUSDT", "p": "69425.50", "q": "0.003", "f": 4844971241, "l": 4844971241, "T": 1712477540765, "m": false}

{"e": "aggTrade", "E": 1712477541226, "a": 2118458472, "s": "BTCUSDT", "p": "69425.50", "q": "0.252", "f": 4844971242, "l": 4844971243, "T": 1712477541070, "m": false}

{"e": "aggTrade", "E": 1712477541354, "a": 2118458473, "s": "BTCUSDT", "p": "69425.50", "q": "0.003", "f": 4844971244, "l": 4844971244, "T": 1712477541326, "m": false}

{"e": "aggTrade", "E": 1712477541505, "a": 2118458474, "s": "BTCUSDT", "p": "69425.40", "q": "0.045", "f": 4844971245, "l": 4844971245, "T": 1712477541351, "m": true}

{"e": "aggTrade", "E": 1712477541918, "a": 2118458475, "s": "BTCUSDT", "p": "69425.40", "q": "0.002", "f": 4844971246, "l": 4844971246, "T": 1712477541765, "m": true}

{"e": "aggTrade", "E": 1712477542107, "a": 2118458476, "s": "BTCUSDT", "p": "69425.40", "q": "0.022", "f": 4844971247, "l": 4844971247, "T": 1712477542086, "m": true}

{"e": "aggTrade", "E": 1712477542258, "a": 2118458477, "s": "BTCUSDT", "p": "69425.50", "q": "0.013", "f": 4844971248, "l": 4844971248, "T": 1712477542104, "m": false}

{"e": "aggTrade", "E": 1712477542499, "a": 2118458478, "s": "BTCUSDT", "p": "69425.40", "q": "0.007", "f": 4844971249, "l": 4844971249, "T": 1712477542452, "m": true}

{"e": "aggTrade", "E": 1712477542539, "a": 2118458479, "s": "BTCUSDT", "p": "69425.50", "q": "0.032", "f": 4844971250, "l": 4844971250, "T": 1712477542498, "m": false}

{"e": "aggTrade", "E": 1712477542690, "a": 2118458480, "s": "BTCUSDT", "p": "69425.40", "q": "0.015", "f": 4844971251, "l": 4844971251, "T": 1712477542536, "m": true}

{"e": "aggTrade", "E": 1712477543219, "a": 2118458481, "s": "BTCUSDT", "p": "69425.50", "q": "0.004", "f": 4844971252, "l": 4844971252, "T": 1712477543064, "m": false}

{"e": "aggTrade", "E": 1712477544091, "a": 2118458482, "s": "BTCUSDT", "p": "69425.50", "q": "0.003", "f": 4844971253, "l": 4844971253, "T": 1712477543937, "m": false}

{"e": "aggTrade", "E": 1712477544956, "a": 2118458483, "s": "BTCUSDT", "p": "69425.40", "q": "0.475", "f": 4844971254, "l": 4844971281, "T": 1712477544951, "m": true}

{"e": "aggTrade", "E": 1712477544956, "a": 2118458484, "s": "BTCUSDT", "p": "69425.10", "q": "0.061", "f": 4844971282, "l": 4844971282, "T": 1712477544951, "m": true}

{"e": "aggTrade", "E": 1712477544956, "a": 2118458485, "s": "BTCUSDT", "p": "69425.00", "q": "0.340", "f": 4844971283, "l": 4844971283, "T": 1712477544951, "m": true}

{"e": "aggTrade", "E": 1712477544956, "a": 2118458486, "s": "BTCUSDT", "p": "69424.90", "q": "0.048", "f": 4844971284, "l": 4844971284, "T": 1712477544951, "m": true}

{"e": "aggTrade", "E": 1712477544956, "a": 2118458487, "s": "BTCUSDT", "p": "69424.00", "q": "0.002", "f": 4844971285, "l": 4844971285, "T": 1712477544951, "m": true}

{"e": "aggTrade", "E": 1712477544956, "a": 2118458488, "s": "BTCUSDT", "p": "69423.50", "q": "0.033", "f": 4844971286, "l": 4844971286, "T": 1712477544951, "m": true}

{"e": "aggTrade", "E": 1712477544956, "a": 2118458489, "s": "BTCUSDT", "p": "69422.60", "q": "0.016", "f": 4844971287, "l": 4844971288, "T": 1712477544951, "m": true}

{"e": "aggTrade", "E": 1712477544956, "a": 2118458490, "s": "BTCUSDT", "p": "69422.50", "q": "0.013", "f": 4844971289, "l": 4844971289, "T": 1712477544951, "m": true}

{"e": "aggTrade", "E": 1712477544956, "a": 2118458491, "s": "BTCUSDT", "p": "69422.40", "q": "0.024", "f": 4844971290, "l": 4844971291, "T": 1712477544951, "m": true}

{"e": "aggTrade", "E": 1712477544964, "a": 2118458492, "s": "BTCUSDT", "p": "69422.00", "q": "0.002", "f": 4844971292, "l": 4844971292, "T": 1712477544951, "m": true}

{"e": "aggTrade", "E": 1712477545003, "a": 2118458493, "s": "BTCUSDT", "p": "69421.80", "q": "0.002", "f": 4844971293, "l": 4844971293, "T": 1712477544960, "m": true}

{"e": "aggTrade", "E": 1712477545053, "a": 2118458494, "s": "BTCUSDT", "p": "69421.70", "q": "0.044", "f": 4844971294, "l": 4844971304, "T": 1712477545001, "m": true}

{"e": "aggTrade", "E": 1712477545204, "a": 2118458495, "s": "BTCUSDT", "p": "69420.10", "q": "0.012", "f": 4844971305, "l": 4844971305, "T": 1712477545051, "m": false}

{"e": "aggTrade", "E": 1712477545730, "a": 2118458496, "s": "BTCUSDT", "p": "69420.10", "q": "0.100", "f": 4844971306, "l": 4844971306, "T": 1712477545576, "m": false}

{"e": "aggTrade", "E": 1712477547558, "a": 2118458497, "s": "BTCUSDT", "p": "69420.10", "q": "0.005", "f": 4844971307, "l": 4844971307, "T": 1712477547404, "m": false}

{"e": "aggTrade", "E": 1712477547837, "a": 2118458498, "s": "BTCUSDT", "p": "69420.10", "q": "0.017", "f": 4844971308, "l": 4844971308, "T": 1712477547722, "m": false}

{"e": "aggTrade", "E": 1712477547838, "a": 2118458499, "s": "BTCUSDT", "p": "69420.00", "q": "0.156", "f": 4844971309, "l": 4844971309, "T": 1712477547834, "m": true}

{"e": "aggTrade", "E": 1712477547989, "a": 2118458500, "s": "BTCUSDT", "p": "69420.10", "q": "0.002", "f": 4844971310, "l": 4844971310, "T": 1712477547834, "m": false}

{"e": "aggTrade", "E": 1712477549112, "a": 2118458501, "s": "BTCUSDT", "p": "69420.10", "q": "0.500", "f": 4844971311, "l": 4844971312, "T": 1712477548957, "m": false}

{"e": "aggTrade", "E": 1712477549504, "a": 2118458502, "s": "BTCUSDT", "p": "69420.10", "q": "0.005", "f": 4844971313, "l": 4844971313, "T": 1712477549350, "m": false}

{"e": "aggTrade", "E": 1712477549970, "a": 2118458503, "s": "BTCUSDT", "p": "69420.00", "q": "0.005", "f": 4844971314, "l": 4844971314, "T": 1712477549817, "m": true}

{"e": "aggTrade", "E": 1712477551062, "a": 2118458504, "s": "BTCUSDT", "p": "69420.10", "q": "1.876", "f": 4844971315, "l": 4844971315, "T": 1712477550908, "m": false}

{"e": "aggTrade", "E": 1712477551482, "a": 2118458505, "s": "BTCUSDT", "p": "69420.00", "q": "1.000", "f": 4844971316, "l": 4844971335, "T": 1712477551327, "m": true}

{"e": "aggTrade", "E": 1712477551612, "a": 2118458506, "s": "BTCUSDT", "p": "69420.00", "q": "0.002", "f": 4844971336, "l": 4844971336, "T": 1712477551567, "m": true}

{"e": "aggTrade", "E": 1712477551763, "a": 2118458507, "s": "BTCUSDT", "p": "69420.10", "q": "0.015", "f": 4844971337, "l": 4844971337, "T": 1712477551608, "m": false}

{"e": "aggTrade", "E": 1712477552225, "a": 2118458508, "s": "BTCUSDT", "p": "69420.10", "q": "0.002", "f": 4844971338, "l": 4844971338, "T": 1712477552100, "m": false}

{"e": "aggTrade", "E": 1712477552376, "a": 2118458509, "s": "BTCUSDT", "p": "69420.10", "q": "0.308", "f": 4844971339, "l": 4844971343, "T": 1712477552222, "m": false}

{"e": "aggTrade", "E": 1712477552492, "a": 2118458510, "s": "BTCUSDT", "p": "69420.10", "q": "0.002", "f": 4844971344, "l": 4844971344, "T": 1712477552459, "m": false}

{"e": "aggTrade", "E": 1712477552505, "a": 2118458511, "s": "BTCUSDT", "p": "69420.00", "q": "0.002", "f": 4844971345, "l": 4844971345, "T": 1712477552489, "m": true}

{"e": "aggTrade", "E": 1712477552656, "a": 2118458512, "s": "BTCUSDT", "p": "69420.10", "q": "0.022", "f": 4844971346, "l": 4844971346, "T": 1712477552503, "m": false}

{"e": "aggTrade", "E": 1712477552699, "a": 2118458513, "s": "BTCUSDT", "p": "69420.00", "q": "1.190", "f": 4844971347, "l": 4844971354, "T": 1712477552673, "m": true}

{"e": "aggTrade", "E": 1712477552715, "a": 2118458514, "s": "BTCUSDT", "p": "69420.10", "q": "0.002", "f": 4844971355, "l": 4844971355, "T": 1712477552697, "m": false}

{"e": "aggTrade", "E": 1712477552867, "a": 2118458515, "s": "BTCUSDT", "p": "69420.00", "q": "0.002", "f": 4844971356, "l": 4844971356, "T": 1712477552711, "m": true}

{"e": "aggTrade", "E": 1712477553198, "a": 2118458516, "s": "BTCUSDT", "p": "69420.10", "q": "0.449", "f": 4844971357, "l": 4844971358, "T": 1712477553045, "m": false}

{"e": "aggTrade", "E": 1712477553721, "a": 2118458517, "s": "BTCUSDT", "p": "69420.10", "q": "0.008", "f": 4844971359, "l": 4844971359, "T": 1712477553566, "m": false}

{"e": "aggTrade", "E": 1712477553957, "a": 2118458518, "s": "BTCUSDT", "p": "69420.10", "q": "0.500", "f": 4844971360, "l": 4844971360, "T": 1712477553802, "m": false}

{"e": "aggTrade", "E": 1712477555368, "a": 2118458519, "s": "BTCUSDT", "p": "69420.00", "q": "0.438", "f": 4844971361, "l": 4844971370, "T": 1712477555215, "m": true}

{"e": "aggTrade", "E": 1712477557110, "a": 2118458520, "s": "BTCUSDT", "p": "69420.10", "q": "0.677", "f": 4844971371, "l": 4844971383, "T": 1712477557049, "m": false}

{"e": "aggTrade", "E": 1712477557261, "a": 2118458521, "s": "BTCUSDT", "p": "69420.00", "q": "0.002", "f": 4844971384, "l": 4844971384, "T": 1712477557107, "m": true}

{"e": "aggTrade", "E": 1712477557342, "a": 2118458522, "s": "BTCUSDT", "p": "69420.00", "q": "0.182", "f": 4844971385, "l": 4844971391, "T": 1712477557288, "m": true}

{"e": "aggTrade", "E": 1712477557342, "a": 2118458523, "s": "BTCUSDT", "p": "69419.60", "q": "0.071", "f": 4844971392, "l": 4844971392, "T": 1712477557338, "m": true}

{"e": "aggTrade", "E": 1712477557360, "a": 2118458524, "s": "BTCUSDT", "p": "69419.10", "q": "0.036", "f": 4844971393, "l": 4844971394, "T": 1712477557338, "m": true}

{"e": "aggTrade", "E": 1712477557511, "a": 2118458525, "s": "BTCUSDT", "p": "69419.10", "q": "0.002", "f": 4844971395, "l": 4844971395, "T": 1712477557356, "m": false}

{"e": "aggTrade", "E": 1712477557722, "a": 2118458526, "s": "BTCUSDT", "p": "69419.00", "q": "0.035", "f": 4844971396, "l": 4844971396, "T": 1712477557567, "m": true}

{"e": "aggTrade", "E": 1712477558058, "a": 2118458527, "s": "BTCUSDT", "p": "69419.00", "q": "0.010", "f": 4844971397, "l": 4844971397, "T": 1712477557903, "m": true}

{"e": "aggTrade", "E": 1712477558280, "a": 2118458528, "s": "BTCUSDT", "p": "69419.00", "q": "0.004", "f": 4844971398, "l": 4844971398, "T": 1712477558147, "m": true}

{"e": "aggTrade", "E": 1712477558431, "a": 2118458529, "s": "BTCUSDT", "p": "69419.00", "q": "0.012", "f": 4844971399, "l": 4844971399, "T": 1712477558276, "m": true}

{"e": "aggTrade", "E": 1712477558940, "a": 2118458530, "s": "BTCUSDT", "p": "69419.10", "q": "0.050", "f": 4844971400, "l": 4844971401, "T": 1712477558786, "m": false}

{"e": "aggTrade", "E": 1712477560005, "a": 2118458531, "s": "BTCUSDT", "p": "69419.00", "q": "0.014", "f": 4844971402, "l": 4844971402, "T": 1712477559851, "m": true}

{"e": "aggTrade", "E": 1712477560384, "a": 2118458532, "s": "BTCUSDT", "p": "69419.10", "q": "0.003", "f": 4844971403, "l": 4844971403, "T": 1712477560230, "m": false}

{"e": "aggTrade", "E": 1712477560811, "a": 2118458533, "s": "BTCUSDT", "p": "69419.10", "q": "0.010", "f": 4844971404, "l": 4844971404, "T": 1712477560657, "m": false}

{"e": "aggTrade", "E": 1712477561559, "a": 2118458534, "s": "BTCUSDT", "p": "69419.10", "q": "0.007", "f": 4844971405, "l": 4844971405, "T": 1712477561472, "m": false}

{"e": "aggTrade", "E": 1712477561686, "a": 2118458535, "s": "BTCUSDT", "p": "69419.00", "q": "0.090", "f": 4844971406, "l": 4844971407, "T": 1712477561556, "m": true}

{"e": "aggTrade", "E": 1712477561837, "a": 2118458536, "s": "BTCUSDT", "p": "69419.00", "q": "0.076", "f": 4844971408, "l": 4844971408, "T": 1712477561682, "m": true}

{"e": "aggTrade", "E": 1712477563195, "a": 2118458537, "s": "BTCUSDT", "p": "69419.00", "q": "0.004", "f": 4844971409, "l": 4844971409, "T": 1712477563082, "m": true}

{"e": "aggTrade", "E": 1712477563346, "a": 2118458538, "s": "BTCUSDT", "p": "69419.10", "q": "0.720", "f": 4844971410, "l": 4844971413, "T": 1712477563191, "m": false}

{"e": "aggTrade", "E": 1712477563789, "a": 2118458539, "s": "BTCUSDT", "p": "69419.00", "q": "0.002", "f": 4844971414, "l": 4844971414, "T": 1712477563634, "m": true}

{"e": "aggTrade", "E": 1712477563946, "a": 2118458540, "s": "BTCUSDT", "p": "69419.00", "q": "0.050", "f": 4844971415, "l": 4844971415, "T": 1712477563801, "m": true}

{"e": "aggTrade", "E": 1712477564097, "a": 2118458541, "s": "BTCUSDT", "p": "69419.00", "q": "0.033", "f": 4844971416, "l": 4844971417, "T": 1712477563941, "m": true}

{"e": "aggTrade", "E": 1712477564320, "a": 2118458542, "s": "BTCUSDT", "p": "69419.00", "q": "0.002", "f": 4844971418, "l": 4844971418, "T": 1712477564165, "m": true}

{"e": "aggTrade", "E": 1712477564645, "a": 2118458543, "s": "BTCUSDT", "p": "69419.00", "q": "0.089", "f": 4844971419, "l": 4844971419, "T": 1712477564491, "m": true}

{"e": "aggTrade", "E": 1712477565254, "a": 2118458544, "s": "BTCUSDT", "p": "69419.00", "q": "0.002", "f": 4844971420, "l": 4844971420, "T": 1712477565099, "m": true}

{"e": "aggTrade", "E": 1712477565678, "a": 2118458545, "s": "BTCUSDT", "p": "69419.00", "q": "0.002", "f": 4844971421, "l": 4844971421, "T": 1712477565522, "m": true}

{"e": "aggTrade", "E": 1712477565945, "a": 2118458546, "s": "BTCUSDT", "p": "69419.10", "q": "0.005", "f": 4844971422, "l": 4844971422, "T": 1712477565826, "m": false}

{"e": "aggTrade", "E": 1712477566096, "a": 2118458547, "s": "BTCUSDT", "p": "69419.00", "q": "0.030", "f": 4844971423, "l": 4844971424, "T": 1712477565942, "m": true}

{"e": "aggTrade", "E": 1712477566528, "a": 2118458548, "s": "BTCUSDT", "p": "69419.00", "q": "0.078", "f": 4844971425, "l": 4844971425, "T": 1712477566374, "m": true}

{"e": "aggTrade", "E": 1712477567388, "a": 2118458549, "s": "BTCUSDT", "p": "69419.00", "q": "0.009", "f": 4844971426, "l": 4844971426, "T": 1712477567234, "m": true}

{"e": "aggTrade", "E": 1712477567559, "a": 2118458550, "s": "BTCUSDT", "p": "69419.00", "q": "0.002", "f": 4844971427, "l": 4844971427, "T": 1712477567406, "m": true}

{"e": "aggTrade", "E": 1712477567778, "a": 2118458551, "s": "BTCUSDT", "p": "69419.00", "q": "0.022", "f": 4844971428, "l": 4844971428, "T": 1712477567623, "m": true}

{"e": "aggTrade", "E": 1712477568088, "a": 2118458552, "s": "BTCUSDT", "p": "69419.00", "q": "0.022", "f": 4844971429, "l": 4844971429, "T": 1712477567935, "m": true}

{"e": "aggTrade", "E": 1712477569418, "a": 2118458553, "s": "BTCUSDT", "p": "69419.00", "q": "0.002", "f": 4844971430, "l": 4844971430, "T": 1712477569263, "m": true}

{"e": "aggTrade", "E": 1712477569820, "a": 2118458554, "s": "BTCUSDT", "p": "69419.10", "q": "0.628", "f": 4844971431, "l": 4844971435, "T": 1712477569665, "m": false}

{"e": "aggTrade", "E": 1712477570478, "a": 2118458555, "s": "BTCUSDT", "p": "69419.00", "q": "0.010", "f": 4844971436, "l": 4844971436, "T": 1712477570324, "m": true}

{"e": "aggTrade", "E": 1712477570659, "a": 2118458556, "s": "BTCUSDT", "p": "69419.10", "q": "0.019", "f": 4844971437, "l": 4844971437, "T": 1712477570505, "m": false}

{"e": "aggTrade", "E": 1712477571045, "a": 2118458557, "s": "BTCUSDT", "p": "69419.10", "q": "0.010", "f": 4844971438, "l": 4844971438, "T": 1712477570890, "m": false}

{"e": "aggTrade", "E": 1712477571406, "a": 2118458558, "s": "BTCUSDT", "p": "69419.00", "q": "0.002", "f": 4844971439, "l": 4844971439, "T": 1712477571253, "m": true}

{"e": "aggTrade", "E": 1712477571716, "a": 2118458559, "s": "BTCUSDT", "p": "69419.00", "q": "0.058", "f": 4844971440, "l": 4844971441, "T": 1712477571563, "m": true}

{"e": "aggTrade", "E": 1712477572209, "a": 2118458560, "s": "BTCUSDT", "p": "69419.00", "q": "0.014", "f": 4844971442, "l": 4844971442, "T": 1712477572054, "m": true}

{"e": "aggTrade", "E": 1712477573081, "a": 2118458561, "s": "BTCUSDT", "p": "69419.10", "q": "0.008", "f": 4844971443, "l": 4844971443, "T": 1712477572927, "m": false}

{"e": "aggTrade", "E": 1712477573652, "a": 2118458562, "s": "BTCUSDT", "p": "69419.00", "q": "0.002", "f": 4844971444, "l": 4844971444, "T": 1712477573544, "m": true}

{"e": "aggTrade", "E": 1712477573695, "a": 2118458563, "s": "BTCUSDT", "p": "69419.00", "q": "0.005", "f": 4844971445, "l": 4844971445, "T": 1712477573649, "m": true}

{"e": "aggTrade", "E": 1712477573846, "a": 2118458564, "s": "BTCUSDT", "p": "69419.10", "q": "0.018", "f": 4844971446, "l": 4844971446, "T": 1712477573692, "m": false}

{"e": "aggTrade", "E": 1712477574106, "a": 2118458565, "s": "BTCUSDT", "p": "69419.00", "q": "0.008", "f": 4844971447, "l": 4844971447, "T": 1712477573952, "m": true}

{"e": "aggTrade", "E": 1712477574319, "a": 2118458566, "s": "BTCUSDT", "p": "69419.00", "q": "0.008", "f": 4844971448, "l": 4844971448, "T": 1712477574163, "m": true}

{"e": "aggTrade", "E": 1712477574521, "a": 2118458567, "s": "BTCUSDT", "p": "69419.00", "q": "0.011", "f": 4844971449, "l": 4844971449, "T": 1712477574407, "m": true}

{"e": "aggTrade", "E": 1712477574672, "a": 2118458568, "s": "BTCUSDT", "p": "69419.10", "q": "0.001", "f": 4844971450, "l": 4844971450, "T": 1712477574517, "m": false}

{"e": "aggTrade", "E": 1712477575076, "a": 2118458569, "s": "BTCUSDT", "p": "69419.10", "q": "0.005", "f": 4844971451, "l": 4844971452, "T": 1712477574921, "m": false}

{"e": "aggTrade", "E": 1712477575441, "a": 2118458570, "s": "BTCUSDT", "p": "69419.00", "q": "0.008", "f": 4844971453, "l": 4844971453, "T": 1712477575286, "m": true}

{"e": "aggTrade", "E": 1712477575667, "a": 2118458571, "s": "BTCUSDT", "p": "69419.00", "q": "0.002", "f": 4844971454, "l": 4844971454, "T": 1712477575513, "m": true}

{"e": "aggTrade", "E": 1712477575837, "a": 2118458572, "s": "BTCUSDT", "p": "69419.00", "q": "0.123", "f": 4844971455, "l": 4844971455, "T": 1712477575683, "m": true}

{"e": "aggTrade", "E": 1712477576103, "a": 2118458573, "s": "BTCUSDT", "p": "69419.00", "q": "0.150", "f": 4844971456, "l": 4844971456, "T": 1712477576014, "m": true}

{"e": "aggTrade", "E": 1712477576118, "a": 2118458574, "s": "BTCUSDT", "p": "69419.10", "q": "0.297", "f": 4844971457, "l": 4844971460, "T": 1712477576099, "m": false}

{"e": "aggTrade", "E": 1712477576269, "a": 2118458575, "s": "BTCUSDT", "p": "69419.00", "q": "0.002", "f": 4844971461, "l": 4844971461, "T": 1712477576114, "m": true}

{"e": "aggTrade", "E": 1712477576612, "a": 2118458576, "s": "BTCUSDT", "p": "69419.00", "q": "1.763", "f": 4844971462, "l": 4844971469, "T": 1712477576458, "m": true}

{"e": "aggTrade", "E": 1712477577176, "a": 2118458577, "s": "BTCUSDT", "p": "69419.00", "q": "0.002", "f": 4844971470, "l": 4844971470, "T": 1712477577157, "m": true}

{"e": "aggTrade", "E": 1712477577327, "a": 2118458578, "s": "BTCUSDT", "p": "69419.10", "q": "0.002", "f": 4844971471, "l": 4844971471, "T": 1712477577172, "m": false}

{"e": "aggTrade", "E": 1712477577616, "a": 2118458579, "s": "BTCUSDT", "p": "69419.00", "q": "0.002", "f": 4844971472, "l": 4844971472, "T": 1712477577462, "m": true}

{"e": "aggTrade", "E": 1712477579036, "a": 2118458580, "s": "BTCUSDT", "p": "69419.00", "q": "0.004", "f": 4844971473, "l": 4844971473, "T": 1712477578930, "m": true}

{"e": "aggTrade", "E": 1712477579187, "a": 2118458581, "s": "BTCUSDT", "p": "69419.00", "q": "0.003", "f": 4844971474, "l": 4844971474, "T": 1712477579032, "m": true}

{"e": "aggTrade", "E": 1712477579389, "a": 2118458582, "s": "BTCUSDT", "p": "69419.00", "q": "0.002", "f": 4844971475, "l": 4844971475, "T": 1712477579236, "m": true}

{"e": "aggTrade", "E": 1712477580088, "a": 2118458583, "s": "BTCUSDT", "p": "69419.10", "q": "0.003", "f": 4844971476, "l": 4844971476, "T": 1712477579934, "m": false}

{"e": "aggTrade", "E": 1712477580930, "a": 2118458584, "s": "BTCUSDT", "p": "69419.00", "q": "0.003", "f": 4844971477, "l": 4844971477, "T": 1712477580776, "m": true}

{"e": "aggTrade", "E": 1712477581112, "a": 2118458585, "s": "BTCUSDT", "p": "69419.00", "q": "0.035", "f": 4844971478, "l": 4844971478, "T": 1712477580960, "m": true}

{"e": "aggTrade", "E": 1712477581263, "a": 2118458586, "s": "BTCUSDT", "p": "69419.00", "q": "0.002", "f": 4844971479, "l": 4844971479, "T": 1712477581108, "m": true}

{"e": "aggTrade", "E": 1712477581638, "a": 2118458587, "s": "BTCUSDT", "p": "69419.00", "q": "0.264", "f": 4844971480, "l": 4844971480, "T": 1712477581536, "m": true}

{"e": "aggTrade", "E": 1712477581789, "a": 2118458588, "s": "BTCUSDT", "p": "69419.00", "q": "0.200", "f": 4844971481, "l": 4844971493, "T": 1712477581637, "m": true}

{"e": "aggTrade", "E": 1712477583424, "a": 2118458589, "s": "BTCUSDT", "p": "69419.00", "q": "0.002", "f": 4844971494, "l": 4844971494, "T": 1712477583272, "m": true}

{"e": "aggTrade", "E": 1712477583772, "a": 2118458590, "s": "BTCUSDT", "p": "69419.00", "q": "0.199", "f": 4844971495, "l": 4844971498, "T": 1712477583619, "m": true}

{"e": "aggTrade", "E": 1712477584043, "a": 2118458591, "s": "BTCUSDT", "p": "69419.10", "q": "0.004", "f": 4844971499, "l": 4844971500, "T": 1712477583889, "m": false}

{"e": "aggTrade", "E": 1712477584949, "a": 2118458592, "s": "BTCUSDT", "p": "69419.00", "q": "0.052", "f": 4844971501, "l": 4844971505, "T": 1712477584795, "m": true}

{"e": "aggTrade", "E": 1712477585272, "a": 2118458593, "s": "BTCUSDT", "p": "69419.00", "q": "0.002", "f": 4844971506, "l": 4844971506, "T": 1712477585119, "m": true}

{"e": "aggTrade", "E": 1712477585500, "a": 2118458594, "s": "BTCUSDT", "p": "69419.00", "q": "0.002", "f": 4844971507, "l": 4844971507, "T": 1712477585346, "m": true}

{"e": "aggTrade", "E": 1712477585646, "a": 2118458595, "s": "BTCUSDT", "p": "69419.00", "q": "0.002", "f": 4844971508, "l": 4844971508, "T": 1712477585536, "m": true}

{"e": "aggTrade", "E": 1712477585647, "a": 2118458596, "s": "BTCUSDT", "p": "69419.10", "q": "0.307", "f": 4844971509, "l": 4844971524, "T": 1712477585643, "m": false}

{"e": "aggTrade", "E": 1712477585647, "a": 2118458597, "s": "BTCUSDT", "p": "69419.30", "q": "0.004", "f": 4844971525, "l": 4844971525, "T": 1712477585644, "m": false}

{"e": "aggTrade", "E": 1712477585798, "a": 2118458598, "s": "BTCUSDT", "p": "69420.00", "q": "0.136", "f": 4844971526, "l": 4844971528, "T": 1712477585644, "m": false}

{"e": "aggTrade", "E": 1712477586023, "a": 2118458599, "s": "BTCUSDT", "p": "69420.00", "q": "0.002", "f": 4844971529, "l": 4844971529, "T": 1712477585868, "m": false}

{"e": "aggTrade", "E": 1712477586251, "a": 2118458600, "s": "BTCUSDT", "p": "69420.00", "q": "0.024", "f": 4844971530, "l": 4844971530, "T": 1712477586097, "m": false}

{"e": "aggTrade", "E": 1712477586847, "a": 2118458601, "s": "BTCUSDT", "p": "69419.90", "q": "0.057", "f": 4844971531, "l": 4844971533, "T": 1712477586692, "m": true}

{"e": "aggTrade", "E": 1712477587870, "a": 2118458602, "s": "BTCUSDT", "p": "69420.00", "q": "0.028", "f": 4844971534, "l": 4844971534, "T": 1712477587716, "m": false}

{"e": "aggTrade", "E": 1712477588212, "a": 2118458603, "s": "BTCUSDT", "p": "69420.00", "q": "0.132", "f": 4844971535, "l": 4844971540, "T": 1712477588057, "m": false}

{"e": "aggTrade", "E": 1712477589328, "a": 2118458604, "s": "BTCUSDT", "p": "69419.90", "q": "10.886", "f": 4844971541, "l": 4844971610, "T": 1712477589324, "m": true}

{"e": "aggTrade", "E": 1712477589328, "a": 2118458605, "s": "BTCUSDT", "p": "69419.60", "q": "0.060", "f": 4844971611, "l": 4844971611, "T": 1712477589324, "m": true}

{"e": "aggTrade", "E": 1712477589328, "a": 2118458606, "s": "BTCUSDT", "p": "69419.20", "q": "0.381", "f": 4844971612, "l": 4844971612, "T": 1712477589324, "m": true}

{"e": "aggTrade", "E": 1712477589328, "a": 2118458607, "s": "BTCUSDT", "p": "69419.10", "q": "0.444", "f": 4844971613, "l": 4844971613, "T": 1712477589324, "m": true}

{"e": "aggTrade", "E": 1712477589328, "a": 2118458608, "s": "BTCUSDT", "p": "69419.00", "q": "2.019", "f": 4844971614, "l": 4844971641, "T": 1712477589324, "m": true}

{"e": "aggTrade", "E": 1712477589328, "a": 2118458609, "s": "BTCUSDT", "p": "69418.80", "q": "0.030", "f": 4844971642, "l": 4844971643, "T": 1712477589324, "m": true}

{"e": "aggTrade", "E": 1712477589328, "a": 2118458610, "s": "BTCUSDT", "p": "69418.30", "q": "0.008", "f": 4844971644, "l": 4844971644, "T": 1712477589324, "m": true}

{"e": "aggTrade", "E": 1712477589328, "a": 2118458611, "s": "BTCUSDT", "p": "69418.20", "q": "0.008", "f": 4844971645, "l": 4844971646, "T": 1712477589324, "m": true}

{"e": "aggTrade", "E": 1712477589328, "a": 2118458612, "s": "BTCUSDT", "p": "69418.10", "q": "0.346", "f": 4844971647, "l": 4844971647, "T": 1712477589324, "m": true}

{"e": "aggTrade", "E": 1712477589328, "a": 2118458613, "s": "BTCUSDT", "p": "69418.00", "q": "0.024", "f": 4844971648, "l": 4844971652, "T": 1712477589324, "m": true}

{"e": "aggTrade", "E": 1712477589328, "a": 2118458614, "s": "BTCUSDT", "p": "69417.80", "q": "0.015", "f": 4844971653, "l": 4844971653, "T": 1712477589324, "m": true}

{"e": "aggTrade", "E": 1712477589328, "a": 2118458615, "s": "BTCUSDT", "p": "69417.70", "q": "0.002", "f": 4844971654, "l": 4844971654, "T": 1712477589324, "m": true}

{"e": "aggTrade", "E": 1712477589328, "a": 2118458616, "s": "BTCUSDT", "p": "69417.60", "q": "0.239", "f": 4844971655, "l": 4844971657, "T": 1712477589324, "m": true}

{"e": "aggTrade", "E": 1712477589328, "a": 2118458617, "s": "BTCUSDT", "p": "69417.20", "q": "0.020", "f": 4844971658, "l": 4844971658, "T": 1712477589324, "m": true}

{"e": "aggTrade", "E": 1712477589328, "a": 2118458618, "s": "BTCUSDT", "p": "69417.10", "q": "0.076", "f": 4844971659, "l": 4844971660, "T": 1712477589324, "m": true}

{"e": "aggTrade", "E": 1712477589328, "a": 2118458619, "s": "BTCUSDT", "p": "69416.90", "q": "0.006", "f": 4844971661, "l": 4844971662, "T": 1712477589324, "m": true}

{"e": "aggTrade", "E": 1712477589328, "a": 2118458620, "s": "BTCUSDT", "p": "69416.70", "q": "0.026", "f": 4844971663, "l": 4844971664, "T": 1712477589324, "m": true}

{"e": "aggTrade", "E": 1712477589328, "a": 2118458621, "s": "BTCUSDT", "p": "69416.60", "q": "0.150", "f": 4844971665, "l": 4844971667, "T": 1712477589324, "m": true}

{"e": "aggTrade", "E": 1712477589328, "a": 2118458622, "s": "BTCUSDT", "p": "69416.50", "q": "0.221", "f": 4844971668, "l": 4844971668, "T": 1712477589324, "m": true}

{"e": "aggTrade", "E": 1712477589328, "a": 2118458623, "s": "BTCUSDT", "p": "69416.40", "q": "0.743", "f": 4844971669, "l": 4844971671, "T": 1712477589324, "m": true}

{"e": "aggTrade", "E": 1712477589328, "a": 2118458624, "s": "BTCUSDT", "p": "69416.30", "q": "0.004", "f": 4844971672, "l": 4844971672, "T": 1712477589324, "m": true}

{"e": "aggTrade", "E": 1712477589328, "a": 2118458625, "s": "BTCUSDT", "p": "69416.20", "q": "0.160", "f": 4844971673, "l": 4844971673, "T": 1712477589324, "m": true}

{"e": "aggTrade", "E": 1712477589361, "a": 2118458626, "s": "BTCUSDT", "p": "69416.10", "q": "0.364", "f": 4844971674, "l": 4844971675, "T": 1712477589324, "m": true}

{"e": "aggTrade", "E": 1712477589512, "a": 2118458627, "s": "BTCUSDT", "p": "69416.20", "q": "0.499", "f": 4844971676, "l": 4844971685, "T": 1712477589358, "m": false}

{"e": "aggTrade", "E": 1712477589955, "a": 2118458628, "s": "BTCUSDT", "p": "69416.20", "q": "0.012", "f": 4844971686, "l": 4844971687, "T": 1712477589802, "m": false}

{"e": "aggTrade", "E": 1712477591497, "a": 2118458629, "s": "BTCUSDT", "p": "69416.20", "q": "0.099", "f": 4844971688, "l": 4844971693, "T": 1712477591494, "m": false}

{"e": "aggTrade", "E": 1712477591497, "a": 2118458630, "s": "BTCUSDT", "p": "69418.00", "q": "0.002", "f": 4844971694, "l": 4844971694, "T": 1712477591494, "m": false}

{"e": "aggTrade", "E": 1712477591497, "a": 2118458631, "s": "BTCUSDT", "p": "69418.20", "q": "0.072", "f": 4844971695, "l": 4844971695, "T": 1712477591494, "m": false}

{"e": "aggTrade", "E": 1712477591497, "a": 2118458632, "s": "BTCUSDT", "p": "69419.00", "q": "0.004", "f": 4844971696, "l": 4844971696, "T": 1712477591494, "m": false}

{"e": "aggTrade", "E": 1712477591541, "a": 2118458633, "s": "BTCUSDT", "p": "69419.10", "q": "0.063", "f": 4844971697, "l": 4844971697, "T": 1712477591494, "m": false}

{"e": "aggTrade", "E": 1712477591541, "a": 2118458634, "s": "BTCUSDT", "p": "69419.70", "q": "0.002", "f": 4844971698, "l": 4844971698, "T": 1712477591539, "m": false}

{"e": "aggTrade", "E": 1712477591667, "a": 2118458635, "s": "BTCUSDT", "p": "69419.90", "q": "0.011", "f": 4844971699, "l": 4844971701, "T": 1712477591539, "m": false}

{"e": "aggTrade", "E": 1712477591774, "a": 2118458636, "s": "BTCUSDT", "p": "69420.00", "q": "0.035", "f": 4844971702, "l": 4844971702, "T": 1712477591663, "m": false}

{"e": "aggTrade", "E": 1712477591925, "a": 2118458637, "s": "BTCUSDT", "p": "69420.00", "q": "0.002", "f": 4844971703, "l": 4844971703, "T": 1712477591771, "m": false}

{"e": "aggTrade", "E": 1712477592315, "a": 2118458638, "s": "BTCUSDT", "p": "69419.90", "q": "0.012", "f": 4844971704, "l": 4844971704, "T": 1712477592161, "m": true}

{"e": "aggTrade", "E": 1712477592387, "a": 2118458639, "s": "BTCUSDT", "p": "69419.90", "q": "0.002", "f": 4844971705, "l": 4844971705, "T": 1712477592313, "m": true}

{"e": "aggTrade", "E": 1712477592391, "a": 2118458640, "s": "BTCUSDT", "p": "69420.00", "q": "0.514", "f": 4844971706, "l": 4844971713, "T": 1712477592383, "m": false}

{"e": "aggTrade", "E": 1712477592391, "a": 2118458641, "s": "BTCUSDT", "p": "69420.10", "q": "0.143", "f": 4844971714, "l": 4844971715, "T": 1712477592388, "m": false}

{"e": "aggTrade", "E": 1712477592438, "a": 2118458642, "s": "BTCUSDT", "p": "69421.10", "q": "0.024", "f": 4844971716, "l": 4844971717, "T": 1712477592388, "m": false}

{"e": "aggTrade", "E": 1712477592438, "a": 2118458643, "s": "BTCUSDT", "p": "69421.90", "q": "0.072", "f": 4844971718, "l": 4844971718, "T": 1712477592432, "m": false}

{"e": "aggTrade", "E": 1712477592438, "a": 2118458644, "s": "BTCUSDT", "p": "69422.00", "q": "0.004", "f": 4844971719, "l": 4844971719, "T": 1712477592433, "m": false}

{"e": "aggTrade", "E": 1712477592438, "a": 2118458645, "s": "BTCUSDT", "p": "69422.70", "q": "0.008", "f": 4844971720, "l": 4844971720, "T": 1712477592433, "m": false}

{"e": "aggTrade", "E": 1712477592438, "a": 2118458646, "s": "BTCUSDT", "p": "69422.90", "q": "0.072", "f": 4844971721, "l": 4844971721, "T": 1712477592433, "m": false}

{"e": "aggTrade", "E": 1712477592449, "a": 2118458647, "s": "BTCUSDT", "p": "69423.90", "q": "0.074", "f": 4844971722, "l": 4844971723, "T": 1712477592433, "m": false}

{"e": "aggTrade", "E": 1712477592449, "a": 2118458648, "s": "BTCUSDT", "p": "69425.00", "q": "0.003", "f": 4844971724, "l": 4844971724, "T": 1712477592446, "m": false}

{"e": "aggTrade", "E": 1712477592449, "a": 2118458649, "s": "BTCUSDT", "p": "69425.50", "q": "0.091", "f": 4844971725, "l": 4844971726, "T": 1712477592446, "m": false}

{"e": "aggTrade", "E": 1712477592449, "a": 2118458650, "s": "BTCUSDT", "p": "69425.70", "q": "0.007", "f": 4844971727, "l": 4844971727, "T": 1712477592446, "m": false}

{"e": "aggTrade", "E": 1712477592449, "a": 2118458651, "s": "BTCUSDT", "p": "69425.80", "q": "0.076", "f": 4844971728, "l": 4844971729, "T": 1712477592446, "m": false}

{"e": "aggTrade", "E": 1712477592449, "a": 2118458652, "s": "BTCUSDT", "p": "69425.90", "q": "0.136", "f": 4844971730, "l": 4844971731, "T": 1712477592446, "m": false}

{"e": "aggTrade", "E": 1712477592458, "a": 2118458653, "s": "BTCUSDT", "p": "69426.00", "q": "0.018", "f": 4844971732, "l": 4844971737, "T": 1712477592446, "m": false}

{"e": "aggTrade", "E": 1712477592458, "a": 2118458654, "s": "BTCUSDT", "p": "69426.30", "q": "0.002", "f": 4844971738, "l": 4844971738, "T": 1712477592453, "m": false}

{"e": "aggTrade", "E": 1712477592458, "a": 2118458655, "s": "BTCUSDT", "p": "69426.90", "q": "0.004", "f": 4844971739, "l": 4844971739, "T": 1712477592453, "m": false}

{"e": "aggTrade", "E": 1712477592466, "a": 2118458656, "s": "BTCUSDT", "p": "69427.30", "q": "0.060", "f": 4844971740, "l": 4844971744, "T": 1712477592453, "m": false}

{"e": "aggTrade", "E": 1712477592617, "a": 2118458657, "s": "BTCUSDT", "p": "69427.40", "q": "0.471", "f": 4844971745, "l": 4844971747, "T": 1712477592459, "m": false}

{"e": "aggTrade", "E": 1712477593402, "a": 2118458658, "s": "BTCUSDT", "p": "69427.40", "q": "0.002", "f": 4844971748, "l": 4844971748, "T": 1712477593249, "m": false}

{"e": "aggTrade", "E": 1712477593574, "a": 2118458659, "s": "BTCUSDT", "p": "69427.40", "q": "0.011", "f": 4844971749, "l": 4844971749, "T": 1712477593420, "m": false}

{"e": "aggTrade", "E": 1712477594403, "a": 2118458660, "s": "BTCUSDT", "p": "69427.40", "q": "3.776", "f": 4844971750, "l": 4844971760, "T": 1712477594386, "m": false}

{"e": "aggTrade", "E": 1712477594403, "a": 2118458661, "s": "BTCUSDT", "p": "69428.00", "q": "0.002", "f": 4844971761, "l": 4844971761, "T": 1712477594400, "m": false}

{"e": "aggTrade", "E": 1712477594403, "a": 2118458662, "s": "BTCUSDT", "p": "69428.10", "q": "0.002", "f": 4844971762, "l": 4844971762, "T": 1712477594400, "m": false}

{"e": "aggTrade", "E": 1712477594413, "a": 2118458663, "s": "BTCUSDT", "p": "69428.70", "q": "0.029", "f": 4844971763, "l": 4844971764, "T": 1712477594401, "m": false}

{"e": "aggTrade", "E": 1712477594414, "a": 2118458664, "s": "BTCUSDT", "p": "69429.50", "q": "0.074", "f": 4844971765, "l": 4844971766, "T": 1712477594410, "m": false}

{"e": "aggTrade", "E": 1712477594414, "a": 2118458665, "s": "BTCUSDT", "p": "69429.60", "q": "0.003", "f": 4844971767, "l": 4844971767, "T": 1712477594410, "m": false}

{"e": "aggTrade", "E": 1712477594414, "a": 2118458666, "s": "BTCUSDT", "p": "69429.80", "q": "0.098", "f": 4844971768, "l": 4844971768, "T": 1712477594410, "m": false}

{"e": "aggTrade", "E": 1712477594414, "a": 2118458667, "s": "BTCUSDT", "p": "69430.00", "q": "0.214", "f": 4844971769, "l": 4844971773, "T": 1712477594410, "m": false}

{"e": "aggTrade", "E": 1712477594418, "a": 2118458668, "s": "BTCUSDT", "p": "69430.20", "q": "0.002", "f": 4844971774, "l": 4844971774, "T": 1712477594410, "m": false}

{"e": "aggTrade", "E": 1712477594418, "a": 2118458669, "s": "BTCUSDT", "p": "69430.60", "q": "0.011", "f": 4844971775, "l": 4844971775, "T": 1712477594415, "m": true}

{"e": "aggTrade", "E": 1712477594423, "a": 2118458670, "s": "BTCUSDT", "p": "69430.70", "q": "0.002", "f": 4844971776, "l": 4844971776, "T": 1712477594415, "m": false}

{"e": "aggTrade", "E": 1712477594472, "a": 2118458671, "s": "BTCUSDT", "p": "69431.30", "q": "0.004", "f": 4844971777, "l": 4844971777, "T": 1712477594420, "m": false}

{"e": "aggTrade", "E": 1712477594509, "a": 2118458672, "s": "BTCUSDT", "p": "69431.40", "q": "0.072", "f": 4844971778, "l": 4844971791, "T": 1712477594471, "m": false}

{"e": "aggTrade", "E": 1712477594509, "a": 2118458673, "s": "BTCUSDT", "p": "69431.60", "q": "0.004", "f": 4844971792, "l": 4844971792, "T": 1712477594507, "m": false}

{"e": "aggTrade", "E": 1712477594509, "a": 2118458674, "s": "BTCUSDT", "p": "69431.70", "q": "0.002", "f": 4844971793, "l": 4844971793, "T": 1712477594507, "m": false}

{"e": "aggTrade", "E": 1712477594509, "a": 2118458675, "s": "BTCUSDT", "p": "69431.80", "q": "0.009", "f": 4844971794, "l": 4844971794, "T": 1712477594507, "m": false}

{"e": "aggTrade", "E": 1712477594509, "a": 2118458676, "s": "BTCUSDT", "p": "69432.00", "q": "0.002", "f": 4844971795, "l": 4844971795, "T": 1712477594507, "m": false}

{"e": "aggTrade", "E": 1712477594524, "a": 2118458677, "s": "BTCUSDT", "p": "69433.00", "q": "0.006", "f": 4844971796, "l": 4844971796, "T": 1712477594507, "m": false}

{"e": "aggTrade", "E": 1712477594535, "a": 2118458678, "s": "BTCUSDT", "p": "69433.10", "q": "0.013", "f": 4844971797, "l": 4844971797, "T": 1712477594522, "m": false}

{"e": "aggTrade", "E": 1712477594535, "a": 2118458679, "s": "BTCUSDT", "p": "69433.40", "q": "0.008", "f": 4844971798, "l": 4844971798, "T": 1712477594531, "m": false}

{"e": "aggTrade", "E": 1712477594535, "a": 2118458680, "s": "BTCUSDT", "p": "69433.50", "q": "0.002", "f": 4844971799, "l": 4844971799, "T": 1712477594531, "m": false}

{"e": "aggTrade", "E": 1712477594535, "a": 2118458681, "s": "BTCUSDT", "p": "69433.90", "q": "0.002", "f": 4844971800, "l": 4844971800, "T": 1712477594531, "m": false}

{"e": "aggTrade", "E": 1712477594535, "a": 2118458682, "s": "BTCUSDT", "p": "69434.00", "q": "0.005", "f": 4844971801, "l": 4844971802, "T": 1712477594531, "m": false}

{"e": "aggTrade", "E": 1712477594550, "a": 2118458683, "s": "BTCUSDT", "p": "69434.30", "q": "0.052", "f": 4844971803, "l": 4844971804, "T": 1712477594531, "m": false}

{"e": "aggTrade", "E": 1712477594576, "a": 2118458684, "s": "BTCUSDT", "p": "69434.20", "q": "0.029", "f": 4844971805, "l": 4844971805, "T": 1712477594548, "m": true}

{"e": "aggTrade", "E": 1712477594577, "a": 2118458685, "s": "BTCUSDT", "p": "69434.30", "q": "0.006", "f": 4844971806, "l": 4844971806, "T": 1712477594573, "m": false}

{"e": "aggTrade", "E": 1712477594602, "a": 2118458686, "s": "BTCUSDT", "p": "69434.20", "q": "0.029", "f": 4844971807, "l": 4844971807, "T": 1712477594574, "m": true}

{"e": "aggTrade", "E": 1712477594616, "a": 2118458687, "s": "BTCUSDT", "p": "69434.30", "q": "0.040", "f": 4844971808, "l": 4844971812, "T": 1712477594599, "m": false}

{"e": "aggTrade", "E": 1712477594616, "a": 2118458688, "s": "BTCUSDT", "p": "69434.80", "q": "0.002", "f": 4844971813, "l": 4844971813, "T": 1712477594613, "m": false}

{"e": "aggTrade", "E": 1712477594619, "a": 2118458689, "s": "BTCUSDT", "p": "69435.10", "q": "0.002", "f": 4844971814, "l": 4844971814, "T": 1712477594613, "m": false}

{"e": "aggTrade", "E": 1712477594638, "a": 2118458690, "s": "BTCUSDT", "p": "69435.20", "q": "0.002", "f": 4844971815, "l": 4844971815, "T": 1712477594615, "m": false}

{"e": "aggTrade", "E": 1712477594638, "a": 2118458691, "s": "BTCUSDT", "p": "69435.80", "q": "0.004", "f": 4844971816, "l": 4844971816, "T": 1712477594633, "m": false}

{"e": "aggTrade", "E": 1712477594638, "a": 2118458692, "s": "BTCUSDT", "p": "69436.00", "q": "0.002", "f": 4844971817, "l": 4844971817, "T": 1712477594633, "m": false}

{"e": "aggTrade", "E": 1712477594638, "a": 2118458693, "s": "BTCUSDT", "p": "69436.30", "q": "0.002", "f": 4844971818, "l": 4844971818, "T": 1712477594633, "m": false}

{"e": "aggTrade", "E": 1712477594638, "a": 2118458694, "s": "BTCUSDT", "p": "69436.50", "q": "0.004", "f": 4844971819, "l": 4844971820, "T": 1712477594633, "m": false}

{"e": "aggTrade", "E": 1712477594708, "a": 2118458695, "s": "BTCUSDT", "p": "69436.90", "q": "0.002", "f": 4844971821, "l": 4844971821, "T": 1712477594633, "m": false}

{"e": "aggTrade", "E": 1712477594708, "a": 2118458696, "s": "BTCUSDT", "p": "69437.60", "q": "0.007", "f": 4844971822, "l": 4844971822, "T": 1712477594704, "m": true}

{"e": "aggTrade", "E": 1712477594712, "a": 2118458697, "s": "BTCUSDT", "p": "69437.70", "q": "0.004", "f": 4844971823, "l": 4844971824, "T": 1712477594704, "m": false}

{"e": "aggTrade", "E": 1712477594712, "a": 2118458698, "s": "BTCUSDT", "p": "69438.00", "q": "0.002", "f": 4844971825, "l": 4844971825, "T": 1712477594710, "m": false}

{"e": "aggTrade", "E": 1712477594712, "a": 2118458699, "s": "BTCUSDT", "p": "69438.60", "q": "0.002", "f": 4844971826, "l": 4844971826, "T": 1712477594710, "m": false}

{"e": "aggTrade", "E": 1712477594712, "a": 2118458700, "s": "BTCUSDT", "p": "69438.80", "q": "0.004", "f": 4844971827, "l": 4844971827, "T": 1712477594710, "m": false}

{"e": "aggTrade", "E": 1712477594731, "a": 2118458701, "s": "BTCUSDT", "p": "69439.00", "q": "0.043", "f": 4844971828, "l": 4844971829, "T": 1712477594710, "m": false}

{"e": "aggTrade", "E": 1712477594804, "a": 2118458702, "s": "BTCUSDT", "p": "69439.10", "q": "0.002", "f": 4844971830, "l": 4844971830, "T": 1712477594729, "m": false}

{"e": "aggTrade", "E": 1712477594804, "a": 2118458703, "s": "BTCUSDT", "p": "69439.90", "q": "0.011", "f": 4844971831, "l": 4844971831, "T": 1712477594801, "m": true}

{"e": "aggTrade", "E": 1712477594804, "a": 2118458704, "s": "BTCUSDT", "p": "69440.00", "q": "0.715", "f": 4844971832, "l": 4844971838, "T": 1712477594801, "m": false}

{"e": "aggTrade", "E": 1712477594804, "a": 2118458705, "s": "BTCUSDT", "p": "69440.20", "q": "0.143", "f": 4844971839, "l": 4844971839, "T": 1712477594801, "m": false}

{"e": "aggTrade", "E": 1712477594804, "a": 2118458706, "s": "BTCUSDT", "p": "69440.50", "q": "0.005", "f": 4844971840, "l": 4844971840, "T": 1712477594801, "m": false}

{"e": "aggTrade", "E": 1712477594804, "a": 2118458707, "s": "BTCUSDT", "p": "69440.60", "q": "0.002", "f": 4844971841, "l": 4844971841, "T": 1712477594802, "m": false}

{"e": "aggTrade", "E": 1712477594955, "a": 2118458708, "s": "BTCUSDT", "p": "69440.70", "q": "0.002", "f": 4844971842, "l": 4844971842, "T": 1712477594802, "m": false}

{"e": "aggTrade", "E": 1712477597034, "a": 2118458709, "s": "BTCUSDT", "p": "69440.80", "q": "0.018", "f": 4844971843, "l": 4844971844, "T": 1712477596902, "m": false}

{"e": "aggTrade", "E": 1712477597185, "a": 2118458710, "s": "BTCUSDT", "p": "69440.80", "q": "0.003", "f": 4844971845, "l": 4844971845, "T": 1712477597031, "m": false}

{"e": "aggTrade", "E": 1712477597415, "a": 2118458711, "s": "BTCUSDT", "p": "69440.70", "q": "0.052", "f": 4844971846, "l": 4844971846, "T": 1712477597299, "m": true}

{"e": "aggTrade", "E": 1712477597458, "a": 2118458712, "s": "BTCUSDT", "p": "69440.80", "q": "0.002", "f": 4844971847, "l": 4844971847, "T": 1712477597411, "m": false}

{"e": "aggTrade", "E": 1712477597609, "a": 2118458713, "s": "BTCUSDT", "p": "69440.70", "q": "0.011", "f": 4844971848, "l": 4844971849, "T": 1712477597455, "m": true}

{"e": "aggTrade", "E": 1712477598048, "a": 2118458714, "s": "BTCUSDT", "p": "69440.70", "q": "0.008", "f": 4844971850, "l": 4844971851, "T": 1712477597895, "m": true}

{"e": "aggTrade", "E": 1712477598167, "a": 2118458715, "s": "BTCUSDT", "p": "69440.80", "q": "0.023", "f": 4844971852, "l": 4844971852, "T": 1712477598115, "m": false}

{"e": "aggTrade", "E": 1712477598318, "a": 2118458716, "s": "BTCUSDT", "p": "69440.70", "q": "0.011", "f": 4844971853, "l": 4844971853, "T": 1712477598164, "m": true}

{"e": "aggTrade", "E": 1712477598633, "a": 2118458717, "s": "BTCUSDT", "p": "69440.80", "q": "0.357", "f": 4844971854, "l": 4844971855, "T": 1712477598492, "m": false}

{"e": "aggTrade", "E": 1712477598784, "a": 2118458718, "s": "BTCUSDT", "p": "69440.80", "q": "0.004", "f": 4844971856, "l": 4844971857, "T": 1712477598629, "m": false}

{"e": "aggTrade", "E": 1712477599041, "a": 2118458719, "s": "BTCUSDT", "p": "69440.70", "q": "0.004", "f": 4844971858, "l": 4844971859, "T": 1712477598920, "m": true}

{"e": "aggTrade", "E": 1712477599192, "a": 2118458720, "s": "BTCUSDT", "p": "69440.80", "q": "0.054", "f": 4844971860, "l": 4844971860, "T": 1712477599038, "m": false}

{"e": "aggTrade", "E": 1712477600099, "a": 2118458721, "s": "BTCUSDT", "p": "69440.80", "q": "0.002", "f": 4844971861, "l": 4844971861, "T": 1712477599943, "m": false}

{"e": "aggTrade", "E": 1712477600384, "a": 2118458722, "s": "BTCUSDT", "p": "69440.80", "q": "0.002", "f": 4844971862, "l": 4844971862, "T": 1712477600229, "m": false}

{"e": "aggTrade", "E": 1712477600757, "a": 2118458723, "s": "BTCUSDT", "p": "69440.80", "q": "0.002", "f": 4844971863, "l": 4844971864, "T": 1712477600636, "m": false}

{"e": "aggTrade", "E": 1712477600908, "a": 2118458724, "s": "BTCUSDT", "p": "69440.80", "q": "1.000", "f": 4844971865, "l": 4844971870, "T": 1712477600753, "m": false}

{"e": "aggTrade", "E": 1712477601075, "a": 2118458725, "s": "BTCUSDT", "p": "69440.80", "q": "0.082", "f": 4844971871, "l": 4844971872, "T": 1712477600920, "m": false}

{"e": "aggTrade", "E": 1712477601250, "a": 2118458726, "s": "BTCUSDT", "p": "69440.70", "q": "0.005", "f": 4844971873, "l": 4844971873, "T": 1712477601094, "m": true}

{"e": "aggTrade", "E": 1712477602769, "a": 2118458727, "s": "BTCUSDT", "p": "69440.80", "q": "0.030", "f": 4844971874, "l": 4844971874, "T": 1712477602615, "m": false}

{"e": "aggTrade", "E": 1712477602921, "a": 2118458728, "s": "BTCUSDT", "p": "69440.70", "q": "0.040", "f": 4844971875, "l": 4844971877, "T": 1712477602767, "m": true}

{"e": "aggTrade", "E": 1712477603508, "a": 2118458729, "s": "BTCUSDT", "p": "69440.80", "q": "0.022", "f": 4844971878, "l": 4844971878, "T": 1712477603354, "m": false}

{"e": "aggTrade", "E": 1712477603815, "a": 2118458730, "s": "BTCUSDT", "p": "69440.80", "q": "0.022", "f": 4844971879, "l": 4844971879, "T": 1712477603660, "m": false}

{"e": "aggTrade", "E": 1712477604246, "a": 2118458731, "s": "BTCUSDT", "p": "69440.80", "q": "0.037", "f": 4844971880, "l": 4844971881, "T": 1712477604092, "m": false}

{"e": "aggTrade", "E": 1712477604685, "a": 2118458732, "s": "BTCUSDT", "p": "69440.70", "q": "0.033", "f": 4844971882, "l": 4844971882, "T": 1712477604650, "m": true}

{"e": "aggTrade", "E": 1712477604836, "a": 2118458733, "s": "BTCUSDT", "p": "69440.80", "q": "0.002", "f": 4844971883, "l": 4844971883, "T": 1712477604681, "m": false}

{"e": "aggTrade", "E": 1712477605088, "a": 2118458734, "s": "BTCUSDT", "p": "69440.70", "q": "0.053", "f": 4844971884, "l": 4844971884, "T": 1712477605025, "m": true}

{"e": "aggTrade", "E": 1712477605239, "a": 2118458735, "s": "BTCUSDT", "p": "69440.80", "q": "0.014", "f": 4844971885, "l": 4844971885, "T": 1712477605085, "m": false}

{"e": "aggTrade", "E": 1712477606507, "a": 2118458736, "s": "BTCUSDT", "p": "69440.80", "q": "0.142", "f": 4844971886, "l": 4844971886, "T": 1712477606352, "m": false}

{"e": "aggTrade", "E": 1712477606727, "a": 2118458737, "s": "BTCUSDT", "p": "69440.80", "q": "0.002", "f": 4844971887, "l": 4844971887, "T": 1712477606593, "m": false}

{"e": "aggTrade", "E": 1712477606746, "a": 2118458738, "s": "BTCUSDT", "p": "69440.70", "q": "0.047", "f": 4844971888, "l": 4844971888, "T": 1712477606723, "m": true}

{"e": "aggTrade", "E": 1712477606897, "a": 2118458739, "s": "BTCUSDT", "p": "69440.80", "q": "0.017", "f": 4844971889, "l": 4844971890, "T": 1712477606743, "m": false}

{"e": "aggTrade", "E": 1712477607133, "a": 2118458740, "s": "BTCUSDT", "p": "69440.80", "q": "0.081", "f": 4844971891, "l": 4844971894, "T": 1712477606979, "m": false}

{"e": "aggTrade", "E": 1712477607394, "a": 2118458741, "s": "BTCUSDT", "p": "69440.70", "q": "0.015", "f": 4844971895, "l": 4844971896, "T": 1712477607240, "m": true}

{"e": "aggTrade", "E": 1712477608065, "a": 2118458742, "s": "BTCUSDT", "p": "69440.70", "q": "0.317", "f": 4844971897, "l": 4844971897, "T": 1712477607910, "m": true}

{"e": "aggTrade", "E": 1712477608242, "a": 2118458743, "s": "BTCUSDT", "p": "69440.70", "q": "0.012", "f": 4844971898, "l": 4844971898, "T": 1712477608088, "m": true}

{"e": "aggTrade", "E": 1712477609216, "a": 2118458744, "s": "BTCUSDT", "p": "69440.80", "q": "0.017", "f": 4844971899, "l": 4844971899, "T": 1712477609063, "m": false}

{"e": "aggTrade", "E": 1712477609915, "a": 2118458745, "s": "BTCUSDT", "p": "69440.80", "q": "0.018", "f": 4844971900, "l": 4844971902, "T": 1712477609760, "m": false}

{"e": "aggTrade", "E": 1712477611314, "a": 2118458746, "s": "BTCUSDT", "p": "69440.80", "q": "0.117", "f": 4844971903, "l": 4844971911, "T": 1712477611311, "m": false}

{"e": "aggTrade", "E": 1712477611314, "a": 2118458747, "s": "BTCUSDT", "p": "69441.00", "q": "0.005", "f": 4844971912, "l": 4844971912, "T": 1712477611311, "m": false}

{"e": "aggTrade", "E": 1712477611332, "a": 2118458748, "s": "BTCUSDT", "p": "69441.40", "q": "0.004", "f": 4844971913, "l": 4844971914, "T": 1712477611311, "m": false}

{"e": "aggTrade", "E": 1712477611483, "a": 2118458749, "s": "BTCUSDT", "p": "69441.70", "q": "0.023", "f": 4844971915, "l": 4844971916, "T": 1712477611330, "m": false}

{"e": "aggTrade", "E": 1712477611781, "a": 2118458750, "s": "BTCUSDT", "p": "69441.70", "q": "0.002", "f": 4844971917, "l": 4844971917, "T": 1712477611686, "m": false}

{"e": "aggTrade", "E": 1712477611932, "a": 2118458751, "s": "BTCUSDT", "p": "69441.60", "q": "0.005", "f": 4844971918, "l": 4844971918, "T": 1712477611778, "m": true}

{"e": "aggTrade", "E": 1712477612290, "a": 2118458752, "s": "BTCUSDT", "p": "69441.60", "q": "0.022", "f": 4844971919, "l": 4844971919, "T": 1712477612136, "m": true}

{"e": "aggTrade", "E": 1712477612652, "a": 2118458753, "s": "BTCUSDT", "p": "69441.70", "q": "0.296", "f": 4844971920, "l": 4844971923, "T": 1712477612639, "m": false}

{"e": "aggTrade", "E": 1712477612652, "a": 2118458754, "s": "BTCUSDT", "p": "69442.50", "q": "0.005", "f": 4844971924, "l": 4844971924, "T": 1712477612648, "m": false}

{"e": "aggTrade", "E": 1712477612652, "a": 2118458755, "s": "BTCUSDT", "p": "69442.80", "q": "0.002", "f": 4844971925, "l": 4844971925, "T": 1712477612648, "m": false}

{"e": "aggTrade", "E": 1712477612652, "a": 2118458756, "s": "BTCUSDT", "p": "69442.90", "q": "0.011", "f": 4844971926, "l": 4844971928, "T": 1712477612648, "m": false}

{"e": "aggTrade", "E": 1712477612676, "a": 2118458757, "s": "BTCUSDT", "p": "69443.40", "q": "0.004", "f": 4844971929, "l": 4844971929, "T": 1712477612648, "m": false}

{"e": "aggTrade", "E": 1712477612828, "a": 2118458758, "s": "BTCUSDT", "p": "69444.00", "q": "0.027", "f": 4844971930, "l": 4844971932, "T": 1712477612674, "m": false}

{"e": "aggTrade", "E": 1712477613199, "a": 2118458759, "s": "BTCUSDT", "p": "69444.60", "q": "0.002", "f": 4844971933, "l": 4844971933, "T": 1712477613064, "m": false}

{"e": "aggTrade", "E": 1712477613199, "a": 2118458760, "s": "BTCUSDT", "p": "69444.80", "q": "0.391", "f": 4844971934, "l": 4844971936, "T": 1712477613197, "m": false}

{"e": "aggTrade", "E": 1712477613199, "a": 2118458761, "s": "BTCUSDT", "p": "69444.90", "q": "0.034", "f": 4844971937, "l": 4844971937, "T": 1712477613197, "m": false}

{"e": "aggTrade", "E": 1712477613199, "a": 2118458762, "s": "BTCUSDT", "p": "69445.00", "q": "0.200", "f": 4844971938, "l": 4844971938, "T": 1712477613197, "m": false}

{"e": "aggTrade", "E": 1712477613205, "a": 2118458763, "s": "BTCUSDT", "p": "69445.90", "q": "0.377", "f": 4844971939, "l": 4844971940, "T": 1712477613197, "m": false}

{"e": "aggTrade", "E": 1712477613357, "a": 2118458764, "s": "BTCUSDT", "p": "69446.00", "q": "0.098", "f": 4844971941, "l": 4844971943, "T": 1712477613204, "m": false}

{"e": "aggTrade", "E": 1712477615052, "a": 2118458765, "s": "BTCUSDT", "p": "69446.00", "q": "0.002", "f": 4844971944, "l": 4844971944, "T": 1712477614897, "m": true}

{"e": "aggTrade", "E": 1712477615365, "a": 2118458766, "s": "BTCUSDT", "p": "69446.10", "q": "0.003", "f": 4844971945, "l": 4844971945, "T": 1712477615211, "m": false}

{"e": "aggTrade", "E": 1712477615678, "a": 2118458767, "s": "BTCUSDT", "p": "69446.10", "q": "0.021", "f": 4844971946, "l": 4844971948, "T": 1712477615523, "m": false}

{"e": "aggTrade", "E": 1712477616540, "a": 2118458768, "s": "BTCUSDT", "p": "69446.10", "q": "0.002", "f": 4844971949, "l": 4844971949, "T": 1712477616386, "m": false}

{"e": "aggTrade", "E": 1712477616976, "a": 2118458769, "s": "BTCUSDT", "p": "69446.00", "q": "0.002", "f": 4844971950, "l": 4844971950, "T": 1712477616821, "m": true}

{"e": "aggTrade", "E": 1712477617181, "a": 2118458770, "s": "BTCUSDT", "p": "69446.00", "q": "0.003", "f": 4844971951, "l": 4844971951, "T": 1712477617026, "m": true}

{"e": "aggTrade", "E": 1712477618023, "a": 2118458771, "s": "BTCUSDT", "p": "69446.10", "q": "0.009", "f": 4844971952, "l": 4844971952, "T": 1712477617867, "m": false}

{"e": "aggTrade", "E": 1712477619016, "a": 2118458772, "s": "BTCUSDT", "p": "69446.10", "q": "0.030", "f": 4844971953, "l": 4844971953, "T": 1712477618862, "m": false}

{"e": "aggTrade", "E": 1712477619187, "a": 2118458773, "s": "BTCUSDT", "p": "69446.10", "q": "0.050", "f": 4844971954, "l": 4844971955, "T": 1712477619034, "m": false}

{"e": "aggTrade", "E": 1712477620359, "a": 2118458774, "s": "BTCUSDT", "p": "69446.10", "q": "0.143", "f": 4844971956, "l": 4844971961, "T": 1712477620205, "m": false}

{"e": "aggTrade", "E": 1712477620610, "a": 2118458775, "s": "BTCUSDT", "p": "69446.10", "q": "0.003", "f": 4844971962, "l": 4844971962, "T": 1712477620455, "m": false}

{"e": "aggTrade", "E": 1712477621382, "a": 2118458776, "s": "BTCUSDT", "p": "69446.00", "q": "0.002", "f": 4844971963, "l": 4844971963, "T": 1712477621240, "m": true}

{"e": "aggTrade", "E": 1712477621533, "a": 2118458777, "s": "BTCUSDT", "p": "69446.00", "q": "0.022", "f": 4844971964, "l": 4844971964, "T": 1712477621378, "m": true}

{"e": "aggTrade", "E": 1712477621983, "a": 2118458778, "s": "BTCUSDT", "p": "69446.10", "q": "0.016", "f": 4844971965, "l": 4844971966, "T": 1712477621828, "m": false}

{"e": "aggTrade", "E": 1712477622330, "a": 2118458779, "s": "BTCUSDT", "p": "69446.00", "q": "0.169", "f": 4844971967, "l": 4844971967, "T": 1712477622175, "m": true}

{"e": "aggTrade", "E": 1712477622532, "a": 2118458780, "s": "BTCUSDT", "p": "69446.10", "q": "0.917", "f": 4844971968, "l": 4844971981, "T": 1712477622379, "m": false}

{"e": "aggTrade", "E": 1712477623176, "a": 2118458781, "s": "BTCUSDT", "p": "69446.10", "q": "0.086", "f": 4844971982, "l": 4844971983, "T": 1712477623021, "m": false}

{"e": "aggTrade", "E": 1712477623763, "a": 2118458782, "s": "BTCUSDT", "p": "69446.10", "q": "0.007", "f": 4844971984, "l": 4844971985, "T": 1712477623610, "m": false}

{"e": "aggTrade", "E": 1712477624100, "a": 2118458783, "s": "BTCUSDT", "p": "69446.10", "q": "0.042", "f": 4844971986, "l": 4844971987, "T": 1712477623947, "m": false}

{"e": "aggTrade", "E": 1712477624304, "a": 2118458784, "s": "BTCUSDT", "p": "69446.00", "q": "0.008", "f": 4844971988, "l": 4844971989, "T": 1712477624150, "m": true}

{"e": "aggTrade", "E": 1712477625171, "a": 2118458785, "s": "BTCUSDT", "p": "69446.10", "q": "0.111", "f": 4844971990, "l": 4844971992, "T": 1712477625167, "m": false}

{"e": "aggTrade", "E": 1712477625171, "a": 2118458786, "s": "BTCUSDT", "p": "69446.90", "q": "0.028", "f": 4844971993, "l": 4844971993, "T": 1712477625167, "m": false}

{"e": "aggTrade", "E": 1712477625171, "a": 2118458787, "s": "BTCUSDT", "p": "69447.00", "q": "0.050", "f": 4844971994, "l": 4844971997, "T": 1712477625167, "m": false}

{"e": "aggTrade", "E": 1712477625171, "a": 2118458788, "s": "BTCUSDT", "p": "69447.50", "q": "0.011", "f": 4844971998, "l": 4844971999, "T": 1712477625167, "m": false}

{"e": "aggTrade", "E": 1712477625171, "a": 2118458789, "s": "BTCUSDT", "p": "69447.60", "q": "0.029", "f": 4844972000, "l": 4844972000, "T": 1712477625167, "m": false}

{"e": "aggTrade", "E": 1712477625171, "a": 2118458790, "s": "BTCUSDT", "p": "69448.00", "q": "0.022", "f": 4844972001, "l": 4844972002, "T": 1712477625167, "m": false}

{"e": "aggTrade", "E": 1712477625171, "a": 2118458791, "s": "BTCUSDT", "p": "69448.20", "q": "0.022", "f": 4844972003, "l": 4844972003, "T": 1712477625167, "m": false}

{"e": "aggTrade", "E": 1712477625171, "a": 2118458792, "s": "BTCUSDT", "p": "69448.90", "q": "0.004", "f": 4844972004, "l": 4844972004, "T": 1712477625167, "m": false}

{"e": "aggTrade", "E": 1712477625171, "a": 2118458793, "s": "BTCUSDT", "p": "69449.00", "q": "0.002", "f": 4844972005, "l": 4844972005, "T": 1712477625167, "m": false}

{"e": "aggTrade", "E": 1712477625171, "a": 2118458794, "s": "BTCUSDT", "p": "69449.10", "q": "0.002", "f": 4844972006, "l": 4844972006, "T": 1712477625167, "m": false}

{"e": "aggTrade", "E": 1712477625322, "a": 2118458795, "s": "BTCUSDT", "p": "69449.20", "q": "0.006", "f": 4844972007, "l": 4844972007, "T": 1712477625167, "m": false}

{"e": "aggTrade", "E": 1712477626111, "a": 2118458796, "s": "BTCUSDT", "p": "69449.20", "q": "0.123", "f": 4844972008, "l": 4844972008, "T": 1712477626079, "m": false}

{"e": "aggTrade", "E": 1712477626262, "a": 2118458797, "s": "BTCUSDT", "p": "69449.10", "q": "0.011", "f": 4844972009, "l": 4844972009, "T": 1712477626108, "m": true}

{"e": "aggTrade", "E": 1712477626797, "a": 2118458798, "s": "BTCUSDT", "p": "69449.20", "q": "0.107", "f": 4844972010, "l": 4844972010, "T": 1712477626661, "m": false}

{"e": "aggTrade", "E": 1712477626948, "a": 2118458799, "s": "BTCUSDT", "p": "69449.10", "q": "0.005", "f": 4844972011, "l": 4844972011, "T": 1712477626794, "m": true}

{"e": "aggTrade", "E": 1712477627380, "a": 2118458800, "s": "BTCUSDT", "p": "69449.20", "q": "0.041", "f": 4844972012, "l": 4844972012, "T": 1712477627240, "m": false}

{"e": "aggTrade", "E": 1712477627531, "a": 2118458801, "s": "BTCUSDT", "p": "69449.10", "q": "0.020", "f": 4844972013, "l": 4844972013, "T": 1712477627377, "m": true}

{"e": "aggTrade", "E": 1712477628147, "a": 2118458802, "s": "BTCUSDT", "p": "69449.10", "q": "0.014", "f": 4844972014, "l": 4844972014, "T": 1712477627992, "m": true}

{"e": "aggTrade", "E": 1712477629012, "a": 2118458803, "s": "BTCUSDT", "p": "69449.20", "q": "0.002", "f": 4844972015, "l": 4844972015, "T": 1712477628899, "m": false}

{"e": "aggTrade", "E": 1712477629163, "a": 2118458804, "s": "BTCUSDT", "p": "69449.20", "q": "0.006", "f": 4844972016, "l": 4844972018, "T": 1712477629009, "m": false}

{"e": "aggTrade", "E": 1712477629481, "a": 2118458805, "s": "BTCUSDT", "p": "69449.10", "q": "0.010", "f": 4844972019, "l": 4844972019, "T": 1712477629339, "m": true}

{"e": "aggTrade", "E": 1712477629632, "a": 2118458806, "s": "BTCUSDT", "p": "69449.20", "q": "0.002", "f": 4844972020, "l": 4844972020, "T": 1712477629477, "m": false}

{"e": "aggTrade", "E": 1712477629947, "a": 2118458807, "s": "BTCUSDT", "p": "69449.20", "q": "0.002", "f": 4844972021, "l": 4844972021, "T": 1712477629792, "m": false}

